3042 4972
521 479 787 553 t-ott-

209 713 220 748 ι
247 683 406 774 quodem
432 683 505 756 aiio
523 702 597 756 non
614 689 715 756 esset
748 682 801 758 tn
830 683 886 756 his
910 685 1027 760 verbio
1045 687 1183 778 signiti-

211 835 374 892 »eamus
405 817 444 888 id
474 817 574 914 qnod
600 827 755 890 nonest
782 817 946 891 obsolute
975 830 1012 892 et
1033 819 1185 893 omnino

211 968 320 1024 »non
341 968 439 1033 esse,
466 967 535 1020 nec
561 951 636 1062 olio
662 950 771 1021 modo
798 949 974 1022 existendi
997 970 1076 1024 esee
1100 971 1185 1044 pnr-

213 1112 226 1147 ·
247 1082 386 1174 ticepst
405 1113 416 1144 ι

194 1297 196 1302 ,
267 1229 377 1310 «Teii
394 1244 436 1330 μὴ
450 1243 527 1309 ἔστιν
541 1242 613 1310 ὅταν
629 1240 774 1330 λέγωμεν,
793 1237 854 1336 ἆρα
869 1244 911 1329 μὴ
926 1242 1002 1309 ἄλλό
1015 1269 1042 1312 τι
1057 1245 1190 1340 σημαίνει

211 1371 536 1452 »ἡούσίαςάπουσίαν
553 1371 680 1463 τούτῳὸ
706 1376 742 1442 ὃν
765 1381 863 1464 φῶμεν
888 1377 930 1462 μὴ
953 1373 1043 1455 εἴναις
1069 1377 1189 1467 πότερον
1220 1429 1223 1436 .
1348 1405 1350 1412 ’

210 1532 224 1565 »
242 1500 305 1585 οὖν,
323 1509 398 1577 ὅταν
416 1514 515 1595 φῶμεν
533 1509 574 1596 μὴ
592 1507 668 1576 εἶναι’
684 1532 730 1584 τι,
746 1514 808 1584 πῶς
825 1505 878 1573 οὐκ
893 1508 966 1576 tiron
980 1514 1074 1597 φάμεν
1091 1507 1187 1588 αὑτὸ,

213 1664 226 1696 »
246 1649 307 1718 πῶς
322 1637 353 1712 δὲ
372 1641 444 1708 εἶναι
456 1633 531 1728 (l);
548 1663 560 1696 ι

258 1795 461 1877 Hactenu5‚
478 1794 580 1885 prior
594 1795 848 1885 interpretatio
864 1797 970 1868 ernt':
991 1794 1090 1887 qnod
1106 1795 1190 1868 sim·

211 1928 291 2017 plex
303 1934 341 1998 et
353 1945 472 2000 unum
484 1926 607 2019 eliqua
618 1947 661 2013 ex
674 1937 801 2018 perte,
819 1934 946 2018 utpote
958 1947 1045 1999 cum
1062 1927 1190 2000 multi-

210 2057 296 2149 plici
312 2067 356 2130 et
380 2057 523 2131 diverso
547 2059 785 2132 commixtum
802 2069 839 2130 et
862 2059 1094 2150 copulatum,
1115 2057 1189 2131 non

209 2194 362 2265 existere
378 2193 660 2276 affirmabamus.

256 2309 375 2419 Nune,
387 2336 476 2426 quid
489 2336 602 2408 altera
615 2337 916 2428 interpretatione
927 2335 1009 2406 data
1024 2337 1189 2410 futurum

210 2465 278 2551 sit,
297 2477 492 2557 quaeretur.

663 2711 737 2778 vll

526 2969 676 3029 Posltto
697 2967 871 3028 SEPTIMA.

257 3230 438 3300 Ponamus
457 3247 543 3300 curn
561 3227 788 3299 Heracliticis
803 3227 901 3318 quod
919 3242 1033 3298 unum
1053 3229 1189 3301 dicitnr

208 3381 284 3433 non
300 3380 378 3432 esse
395 3413 404 3443 ,
429 3361 467 3432 id
479 3371 536 3434 est
553 3361 781 3436 nullomodo
799 3361 870 3457 (⁴2),
886 3362 986 3432 nulle
1000 3381 1043 3434 ex
1059 3373 1186 3456 parte,

209 3513 441 3585 nequaquem
465 3513 574 3577 esse,
604 3511 672 3566 nee
697 3470 802 3584 posse
830 3493 905 3564 ulla
930 3493 1070 3566 ratione
1095 3495 1189 3566 exis-

210 3625 311 3696 tendi
326 3645 404 3698 esse
422 3627 602 3716 particeps
620 3651 627 3698 :
647 3627 751 3712 inde,
772 3647 882 3718 quam
896 3627 1011 3696 multe
1029 3645 1096 3698 nec
1111 3636 1188 3697 tan-

242 4001 276 4067 (1)
293 4005 367 4061 Plan,
387 4005 554 4065 Parmenio„
570 4021 592 4066 p.
607 4013 661 4066 toi,
676 4007 701 4065 b,
715 4025 737 4056 r.

241 4085 274 4147 (2)
289 4085 365 4136 ibid..
382 4101 405 4145 p.
423 4090 477 4144 tot,
489 4099 520 4143 o,
535 4087 558 4137 b.
570 4099 592 4143 o,
604 4086 628 4138 d.
