3042 4972
583 408 775 524 ..ῃ-

244 651 460 742 «Quidquid
481 673 570 742 vaga
591 663 628 725 et
651 653 818 726 mutabili
843 654 984 726 ratione
1001 653 1164 742 labatur,

189 807 258 859 nec
277 806 419 878 semper
442 807 555 858 unum
572 796 608 858 et
621 788 719 858 idem
743 806 784 858 ac
803 788 859 858 sui
879 787 997 858 simile
1022 788 1088 872 sit,
1111 799 1165 859 at-

188 939 260 1011 que
277 919 428 990 omnino
451 918 603 1008 simplex
623 928 661 990 et
676 919 924 1003 individuum,
951 905 1168 993 non'mente

186 1050 447 1142 comprehendi
488 1067 608 1140 neque
652 1068 814 1141 unquam
856 1071 959 1135 esse,
1015 1072 1165 1138 revera,

188 1188 324 1275 posse(
349 1183 391 1279 ).v
1160 1192 1163 1200 ’

235 1317 376 1406 Quibus
394 1315 540 1399 auditis,
557 1333 676 1406 quum
694 1313 871 1414 Socrates,
886 1315 931 1386 de
948 1317 1132 1406 proposita
1148 1336 1169 1385 a

186 1447 332 1522 Zenone
349 1449 533 1532 doctrina,
556 1447 840 1538 disputationem
856 1449 1024 1546 instituat
1036 1448 1107 1544 (2),
1128 1450 1168 1519 in

187 1581 402 1656 Parmenide
416 1581 461 1652 de
473 1580 761 1652 reconditissima
773 1580 1002 1671 philosophia
1015 1582 1168 1671 quaestio

187 1725 253 1789 est.
272 1717 367 1788 Iliad
381 1715 480 1786 enim
495 1715 615 1802 agitur
634 1693 648 1782 :'
663 1715 846 1804 quomodo
859 1714 1054 1786 definietur
1070 1717 1167 1806 quod

186 1868 330 1939 semper
344 1856 417 1930 est,
433 1863 553 1938 neque
570 1847 685 1918 ullum
701 1846 811 1918 habet
826 1858 967 1931 ortum,
984 1849 1168 1940 quomodo

186 1991 308 2054 autem
328 1981 426 2070 quod
445 1980 620 2068 gignitur,
649 1999 716 2050 nee
735 1979 804 2052 sibi
827 1950 990 2063 eonstat3
1010 1999 1168 2071 quorum

186 2113 342 2186 aiteru'm
367 2135 476 2182 unum
495 2133 639 2203 semper
661 2122 770 2205 atque
790 2115 888 2185 idem
913 2124 988 2198 est,
1011 2115 1166 2185 alterum

184 2249 422 2319 diversamur:
445 2246 645 2329 mutabile,
671 2246 721 2315 ita
745 2255 787 2316 ut
807 2259 1002 2337 'nunquam
1023 2267 1093 2316 esse
1117 2249 1166 2317 vi-

185 2383 324 2450 deatur.
654 2471 656 2480 ‚

235 2511 301 2582 Hic
320 2512 446 2600 igitur,
472 2511 512 2581 in
538 2512 738 2601 quaestione
764 2531 856 2594 una,
877 2531 1020 2582 summa
1040 2530 1164 2594 rerum

186 2647 352 2717 universa
370 2643 595 2736 inspicienda
611 2645 828 2734 proponitur
844 2668 852 2713 :
874 2646 961 2734 quid
975 2648 1021 2714 sit
1037 2645 1075 2714 in
1089 2654 1181 2732 tota,

185 2799 308 2850 rerum
322 2781 580 2860 universitate,
596 2786 633 2848 et
647 2777 887 2865 intelligentia
904 2765 1165 2867 comprehendi

187 2915 300 3003 possit
308 2881 328 2984 i·
337 2934 382 2983 an
397 2914 493 3004 quud
507 2915 615 2981 unum
632 2921 687 2982 est
699 2907 822 3012 omnia
839 2909 877 2979 in
892 2929 929 2980 se
945 2912 1167 3001 complecta-

186 3061 259 3132 tur,
279 3056 342 3117 aut
358 3047 450 3117 nihil
474 3047 520 3117 sit
542 3046 614 3115 nisi
632 3046 730 3136 quod
747 3045 947 3134 multiplex,
968 3054 1047 3129 aut,
1066 3023 1167 3114 deni-

186 3203 278 3273 que,
308 3181 400 3256 nihil
431 3168 710 3269 nisimultipleu
739 3197 810 3248 una
836 3188 945 3268 atque
970 3199 1098 3263 unum,
1126 3180 1165 3250 in

186 3337 311 3387 rerum
332 3323 483 3395 natura,
502 3321 689 3402 appareat*
773 3305 776 3310 ’

235 3448 324 3534 Quae
343 3446 495 3537 quaestio
516 3454 591 3514 tam
611 3443 735 3533 magni
760 3443 939 3513 momenti
956 3451 1029 3526 es't,
1057 3443 1165 3513 utsii
1208 3430 1210 3438 ’

187 3579 369 3672 usquead
399 3586 542 3648 nostros
564 3577 640 3645 dies
664 3581 851 3664 pervecta,
873 3584 910 3644 et
934 3576 979 3644 ab
1006 3574 1166 3663 antiquis

220 3956 253 4016 (i)
272 3921 347 4016 Plan,
360 3955 524 4011 Parmense..
539 3969 563 4014 u.
580 3957 634 4014 127,
648 3966 671 4014 e,
685 3967 712 4016 p.
723 3957 778 4004 128.

219 4036 251 4098 (2)
271 4037 342 4096 ibid„
357 4050 382 4096 p.
394 4039 448 4094 129,
462 4048 516 4096 sqq.
