3042 4972
747 441 912 507 ,6.-

342 671 356 704 s
380 639 481 710 novis
506 639 640 711 nostris
670 640 893 733 philosophis
920 641 1051 739 merito
1074 661 1160 712 sune
1185 643 1316 734 probo*

343 803 356 835 ι
380 781 441 843 tur
455 769 525 868 (i).
548 802 583 836 »-

388 903 453 974 His
477 903 596 976 verbis
619 902 821 976 Leibnitius
846 904 1025 992 significet
1046 905 1116 976 tria
1132 925 1170 976 se
1185 926 1317 996 genera
1398 916 1401 927 ¹

340 1033 620 1118 sententiarum,
640 1054 721 1124 quae
738 1035 782 1106 de
795 1035 1010 1107 Parmenide
1028 1037 1215 1109 Platonico
1231 1059 1316 1132 pro-

317 1137 465 1257 'positae
484 1175 588 1250 sunt,
612 1165 769 1257 abjicere
789 1188 830 1239 ec
851 1170 1056 1259 repudiare.
1290 1163 1292 1167 ’

388 1298 456 1369 dlii
468 1299 585 1383 enim,
602 1300 647 1370 de
659 1299 745 1369 libri
756 1300 963 1390 integritate
978 1310 1086 1392 etque
1101 1305 1316 1376 auctoritate

341 1452 571 1523 nequaquam
595 1433 796 1524 ancipites,
822 1443 1033 1525 certumque
1063 1435 1173 1527 hujus
1198 1439 1319 1528 operis

340 1565 641 1655 significationem
660 1585 740 1636 esse
757 1566 846 1649 ruti,
867 1566 1121 1638 Parmenidem
1135 1569 1317 1640 illustrare

341 1698 462 1769 conati
483 1707 585 1780 sunt;
607 1708 665 1783 ut,
686 1698 725 1768 in
742 1698 891 1769 Platone
914 1699 1187 1788 interpretando
1207 1701 1322 1794 nimis

341 1830 539 1919 ingeniosi,
560 1849 628 1900 sue
643 1831 808 1920 ipsorum
830 1831 961 1921 placita
977 1832 1036 1901 ilii¹
1057 1831 1219 1903 tribuere
1244 1851 1319 1904 non

341 1963 618 2047 dubitaverunt,
636 1963 687 2033 ita
704 1972 746 2035 ut
761 1963 839 2054 ejus
855 1964 1059 2035 doctrinam
1082 1974 1265 2035 mutarent
1282 1976 1319 2037 et

340 2105 617 2188 corrumperent
635 2093 700 2191 (2).
723 2093 899 2185 Aquinus
923 2096 1028 2183 longe
1044 2095 1198 2167 discedit
1216 2096 1318 2166 Lein

340 2229 453 2300 nitius
474 2250 589 2320 quum
611 2250 677 2301 nos
697 2230 863 2328 hortatur
885 2237 927 2299 ut
953 2257 967 2326 ιεΙ
984 2249 1059 2298 non
1078 2228 1316 2322 interpretes,

340 2379 510 2450 magnam
526 2372 668 2453 partem
689 2329 927 2451 mentientes,
944 2361 1008 2432 sed
1029 2361 1151 2452 ipsum
1171 2362 1318 2434 Perme-

341 2493 463 2563 nidem
477 2495 650 2582 legamus.
670 2521 683 2553 »

373 2902 408 2966 tt)
424 2902 560 2957 leibnitius
571 2901 582 2964 (
590 2901 655 2951 iidtt.
671 2901 789 2964 numos),
806 2907 864 2950 tom.
878 2901 919 2960 iv,
933 2911 991 2962 pers
1005 2901 1098 2961 prims,
1115 2913 1140 2960 p.
1153 2903 1200 2960 '273
1217 2909 1276 2950 torn.
1290 2904 1319 2961 V,

342 2997 367 3046 p.
379 2986 433 3034 ³68.
446 2985 501 3035 ido.
1029 3043 1031 3048 Ι

272 3055 276 3074 ’
373 3061 407 3125 (r)
422 3062 564 3110 Plutarchus
584 3069 609 3109 ot
631 3061 744 3120 syrianus
761 3060 848 3126 (apud
872 3054 1025 3122 Proetum),
1043 3059 1153 3107 Pintiuus
1170 3057 1317 3122 (Euneon,

341 3141 621 3205 111,1V),Jnrnbiioittts
635 3140 691 3207 (De
705 3145 810 3206 muster.
823 3138 946 3202 Eme,
961 3137 1046 3203 viil),
1067 3139 1169 3188 Procius
1178 3137 1187 3203 (
1197 3138 1319 3204 Tirsoiop.

340 3220 466 3280 Piston,
480 3221 546 3284 ΙΙΙ),
566 3220 705 3269 Damascius
717 3220 725 3280 (
735 3221 773 3268 Dc
781 3219 898 3281 princip.
906 3217 930 3281 ),
945 3219 1005 3266 adeo
1016 3231 1063 3266 non
1074 3220 1240 3266 Parmenidem
1254 3221 1319 3268 exitu

340 3308 462 3350 urentem
479 3301 589 3357 nriitreti
600 3308 671 3357 sunt,
683 3307 710 3348 ut
721 3301 746 3362 in
755 3299 801 3346 hoc
814 3297 877 3346 libro
886 3299 917 3346 de
930 3305 981 3347 tots
992 3311 1071 3346 rerum
1082 3299 1235 3347 universitate
1244 3311 1320 3359 quaes·

342 3382 430 3433 tionem
441 3381 525 3440 agitari
537 3389 678 3440 censeren13
687 3381 731 3428 sed
741 3381 890 3431 Platonicum
902 3392 973 3442 opus,
984 3381 1139 3444 prejudicato
1149 3381 1275 3442 opinione,
1287 3383 1319 3430 nd

341 3461 465 3522 mysticam
477 3460 698 3520 interpretationem
711 3465 850 3515 verterunt,
864 3471 914 3519 quo
927 3458 1020 3507 facilius
1032 3472 1100 3506 sunm
1111 3461 1158 3520 ipsi
1168 3459 1318 3520 doctrinam,

341 3551 429 3604 nempe
450 3535 736 3602 ursticrndssrrcetm
745 3538 865 3598 triadem,
885 3538 964 3598 magni
984 3539 1088 3586 nominis
1110 3541 1251 3596 auctoritate
1266 3546 1319 3587 tue·

342 3626 434 3668 rentur.

372 3699 422 3748 lise
436 3701 484 3750 nun
493 3698 590 3748 iturust
600 3697 666 3759 apuu
675 3710 718 3746 eus
728 3698 868 3757 mugraecns
880 3697 981 3757 litteras,
993 3697 1103 3746 Romano
1113 3697 1217 3758 imperio
1224 3711 1317 3755 everso,

343 3782 475 3832 instaurare
490 3784 628 3840 coepernnt,
645 3777 687 3838 qui
704 3777 765 3828 tanc
783 3777 922 3837 opinionem
935 3783 1102 3838 sequerentur.
1119 3778 1239 3826 Mersiiius
1254 3781 1318 3826 enim

340 3859 438 3912 Ficinns
453 3859 551 3919 scripsit
565 3857 717 3921 (Parmenid.
735 3853 843 3920 praeist.)
860 3873 873 3902 s
889 3858 1012 3906 Platonem
1026 3857 1051 3904 in
1067 3858 1207 3906 Parmenide
1222 3871 1318 3908 omnem

336 3941 492 4000 ,monumen
501 3952 556 3990 esse
567 3939 741 3997 munientem.»
755 3938 968 3998 Besssrionuten,
982 3938 1087 3989 sonus
1096 3937 1203 4000 Dionyso
1212 3938 1318 3999 Amne

341 4021 395 4082 gite
406 4020 501 4067 decreta
512 4019 537 4068 in
551 4019 693 4068 parmenide
703 4018 821 4078 explicata
832 4029 894 4067 esse.
907 4033 919 4061 s

194 4846 255 4932 Λ
459 4655 800 4932 l‘
