3042 4972
589 445 828 558 „94'

229 691 426 782 Equidem,
449 691 488 760 in
509 692 722 763 Parmenide
738 693 966 784 inspiciendo
981 693 1044 764 diu
1060 714 1156 765 com-

180 821 366 906 moratus,
400 821 523 912 putavi
549 843 634 893 enm
659 844 732 895 non
761 834 837 895 tarn
870 815 1068 895 obscurum
1101 826 1157 895 di*

181 923 337 1027 cendnm
354 973 456 1037 esse,
486 974 597 1043 quam
612 956 769 1027 arduum
791 957 945 1045 legenti,
966 947 1156 1048 primoque
1190 1017 1194 1021 .

79 1087 85 1104 ³
180 1089 351 1178 adspectu
369 1086 556 1177 Jejunum,
575 1096 613 1159 et
629 1097 777 1178 propter
789 1087 1045 1173 acutissimam,
1060 1091 1155 1161 altis-

181 1219 382 1308 simamque
400 1218 692 1310 dIsquisitionem
712 1220 1011 1309 ingratissimum.
1034 1221 1157 1308 Quum

180 1356 302 1417 autern
333 1333 477 1416 animus
504 1347 543 1415 in
570 1348 715 1437 spinosa
744 1347 816 1417 cito
844 1350 1157 1436 argumentatione

181 1481 398 1568 defatigetur
417 1491 458 1550 et·
471 1480 660 1565 hebescat,
679 1482 757 1552 haec
770 1492 826 1551 est
840 1482 1009 1571 inprimis
1024 1489 1100 1552 orta
1114 1503 1157 1553 ex

180 1613 287 1684 taedio
303 1613 631 1699 inconsiderantia,
646 1624 728 1706 qaae¹
746 1614 1006 1686 obscuritatem
1024 1617 1152 1707 pariat.

133 1732 137 1743 '
227 1745 270 1814 ln
280 1745 349 1817 hoc
360 1745 472 1835 igitur
482 1746 644 1836 dialogo,
662 1748 771 1822 modo
783 1765 868 1816 eum
881 1731 1157 1834 diligentissime
1233 1717 1234 1724 ἵ

179 1879 483 1969 pervolverimus,
503 1879 668 1964 doctam,
684 1880 725 1954 ni
737 1881 853 1963 fallor,
864 1895 990 1949 rerum
1001 1878 1158 1970 disposi-

180 2012 335 2095 tionem,
350 2021 479 2082 etcum
493 2013 632 2083 caeteris
646 2012 806 2083 Platonis
819 2013 990 2104 operibus
1001 2014 1157 2083 maxime

179 2129 478 2228 convenientem,
494 2145 1070 2242 progressionemque'disserendi
1084 2167 1160 2216 cer-

180 2285 256 2352 tam
275 2278 523 2360 inveniemus;
551 2273 742 2351 neoniam
759 2258 799 2350 ¹in
817 2283 884 2351 hac
907 2278 1159 2369 disquisitione

181 2413 390 2500 perspicuas
417 2419 560 2481 tantum
587 2408 840 2484 conclusiones
863 2413 1019 2503 aperiet,
1039 2413 1101 2483 sed
1123 2423 1160 2483 et

182 2543 393 2613 admiranda
408 2598 417 2627 ,
431 2515 484 2614 'ut
504 2545 553 2614 ait
575 2547 777 2618 Leibnitius
799 2580 811 2615 α
831 2548 874 2618 de
894 2545 973 2620 Uno
990 2535 1026 2617 e't
1046 2545 1157 2636 Ente,

182 2677 219 2753 id
238 2687 292 2752 est
311 2678 405 2770 Deo,
424 2710 436 2741 »
462 2681 749 2756 ratiocinabitur.
1071 2669 1073 2672 ’
