3042 4972
585 443 776 513 -25-

196 665 281 718 cum
295 646 405 718 rebus
423 646 553 720 creatis
571 645 857 737 coniunguntur,
878 661 945 720 nec
961 648 1064 720 focile
1086 669 1170 740 per-

197 781 269 871 cipi
286 799 389 871 posse
406 780 524 858 ideam
541 775 655 864 totum
666 779 707 850 in
724 800 761 851 se
775 782 976 866 contineri,
993 793 1030 854 et
1042 784 1169 855 eodem
1269 853 1274 863 ,

197 923 360 1003 tempore
377 915 416 982 iu
429 914 509 994 aliis
520 913 627 984 rebus
645 914 792 986 versari.
811 914 916 1003 Quod
933 926 969 985 et
980 916 1026 987 ab
1039 913 1169 988 Aristo·

138 1077 140 1084 ·
196 1047 267 1118 tele
283 1046 425 1119 Plutoni
439 1046 633 1138 objicietur
651 1045 716 1142 (t).

243 1179 406 1270 Denique
423 1198 497 1254 uon
513 1198 615 1269 posse
632 1180 770 1270 species
787 1180 866 1250 illas
882 1199 1028 1266 rerum,
1049 1200 1113 1271 per
1131 1201 1170 1253 se

197 1327 287 1378 unas
300 1317 336 1404 et
345 1309 606 1394 immutabiles,
622 1281 932 1402 qualesaSocrote
944 1312 1070 1401 positae
1081 1312 1167 1395 sint,

194 1418 357 1512 'humana
380 1451 503 1514 mente
520 1443 800 1533 comprehendi,
830 1462 933 1533 quae,
958 1464 1073 1533 quum
1094 1463 1168 1514 uon

195 1575 353 1662 perfecta
370 1586 407 1646 et
427 1576 591 1649 absoluta
619 1576 684 1659 sit,
710 1541 802 1680 nihil
827 1576 1027 1666 perfectum
1049 1595 1169 1667 neque

196 1708 403 1779 absolutum
418 1710 619 1798 intelligere
637 1718 754 1798 potest
772 1709 834 1806 (2).
929 1709 932 1716 ’

227 1841 311 1910 Ἠίε
325 1842 429 1930 fingit
444 1843 544 1945 Plato
563 1843 708 1930 longam
731 1864 752 1912 a
772 1842 987 1936 Parmenide
1005 1843 1169 1934 disputa-

196 1975 333 2058 tionem
349 1975 448 2064 iniri,
468 1994 540 2064 qua
550 1975 746 2045 ostendere
760 1974 904 2078 videtur
914 1976 959 2046 de
971 1977 1053 2061 hoc,
1070 1975 1168 2067 quod

197 2090 311 2176 nuum
327 2106 473 2189 dicitur,
489 2107 533 2176 de
544 2106 613 2177 hoc
626 2107 750 2191 etiem,
765 2107 863 2197 quod
874 2109 1076 2198 multiplex,
1090 2125 1168 2176 sen-

195 2238 345 2308 teutiam
374 2239 574 2326 quemlibet
605 2258 708 2329 aeque
741 2239 884 2308 admitti
922 2258 964 2308 ec
998 2209 1167 2326 redengui

195 2390 308 2458 posse.
385 2389 389 2398 ‘
1046 2443 1048 2452 ,
1109 2463 1113 2468 ¹

242 2505 310 2574 Sed
324 2524 453 2592 ¹reveno
469 2507 713 2592 Parmenides
731 2506 860 2577 iisdem
880 2505 1012 2598 quibus
1037 2503 1165 2577 Eleate

193 2637 363 2707 adversus
379 2639 600 2708 adversarios
611 2639 667 2707 uti
682 2638 952 2708 consuevissent
967 2613 1166 2706 disserendi

192 2771 344 2854 artibus,
363 2790 466 2848 suam
479 2771 555 2860 ipse
571 2771 775 2842 doctrinam
788 2770 954 2840 refellens
967 2779 1075 2860 atque
1094 2767 1166 2838 im-

194 2923 357 2993 pugnans
370 2881 563 2999 ¹immutor⁸
580 2903 647 2997 (3).

241 3037 329 3124 Quae
355 3038 440 3109 licet
462 3038 688 3125 argutissimo
725 3037 927 3128 disquisitio
953 3036 1164 3121 sit,.totam

193 3171 261 3240 sibi
274 3181 439 3274 constare
452 3172 671 3255 orationem,
693 3180 731 3240 et
749 3172 906 3241 exomni
925 3180 1025 3262 parte
1040 3189 1164 3242 secum

80 3365 82 3373 Α
191 3305 305 3391 ipsam
324 3303 547 3385 consentire,
568 3303 734 3372 videlicet
757 3303 891 3373 claram
910 3323 952 3372 ao
968 3303 1162 3374 dilucidum

189 3435 266 3507 steri
292 3454 394 3526 posse
421 3435 541 3504 forsan
566 3436 626 3504 hic
648 3436 749 3542 locus
777 3455 820 3506 ex
844 3437 923 3526 ipso
948 3436 1161 3506 Parmenide

222 3791 254 3851 (1)
272 3791 384 3848 Ariston,
406 3791 528 3853 neseph..
543 3793 640 3853 passim.
657 3791 692 3839 De
702 3793 757 3846 hoc,
766 3791 832 3850 coni.
845 3791 905 3840 Plat.
916 3789 1052 3852 (thdon.)

90 3849 97 3865 ‘
220 3870 252 3932 (t)
272 3866 1156 3933 tutamentum„omontsummoue,uo.vt,v11.1t›1u.,

186 3951 283 4011 Mem,
297 3953 394 4013 possim.

217 4029 250 4092 (t)
268 4032 326 4080 etat.
343 4030 507 4092 Parmenio,
518 4047 542 4092 ρ.
554 4039 609 4092 tsi,
621 4045 674 4092 sqq.
