3042 4972
719 409 905 479 -36,

370 612 455 690 Tres
481 621 603 683 nutem
623 561 922 702 philosophorum
948 620 1054 680 seetae
1078 629 1150 681 non
1173 629 1300 681 conve*

320 746 464 816 nienter
474 745 668 816 Platonicae
681 745 845 835 opinioni
859 743 1132 842 responderant,
1142 711 1298 826 Proinde

271 869 276 880 “
319 878 422 948 Plato
440 879 579 969 priores
593 879 722 968 arripit
735 873 923 960 Eleaticoe,
938 877 1002 968 qui
1016 877 1192 967 putabant
1206 878 1296 950 nihil

318 1011 392 1085 nisi
408 1029 524 1085 unum
549 1031 641 1095 esse,
656 1009 887 1098 ostenditque
907 1009 1000 1078 hene
1019 1008 1229 1099 opinionem
1251 1011 1297 1081 ab

316 1144 491 1234 seipsam
511 1145 624 1220 everti
640 1164 685 1216 ac
705 1143 866 1216 destrui:
883 1144 922 1213 in
941 1162 1032 1233 qua,
1050 1144 1139 1214 dum
1157 1145 1297 1232 periec-

317 1276 497 1349 tissimnm
515 1253 692 1350 existendi
706 1277 885 1376 rationem
901 1275 1020 1346 inesse
1040 1276 1167 1388 volupt
1183 1295 1224 1360 ae
1242 1277 1295 1346 ia-

318 1410 506 1516 bulantur,
524 1411 617 1481 nihil
632 1430 706 1482 non
720 1429 875 1479 vacuum
893 1418 930 1478 et
938 1391 1099 1478 'nihilum
1112 1416 1178 1479 est.
1233 1453 1240 1462 a

365 1562 480 1644 Dein,
499 1560 588 1650 quid
611 1561 688 1650 ipse
715 1559 848 1630 semim
868 1559 1020 1648 ,exponit
1045 1570 1291 1651 tetrumque,

316 1695 413 1787 quod
428 1711 564 1777 unum,
579 1688 750 1782 quodque
765 1691 948 1760 diversum
961 1691 1135 1775 existere,
1152 1701 1189 1762 et
1207 1684 1296 1763 c'on-
1357 1659 1361 1666 Ι

311 1831 439 1919 iuncta
453 1825 656 1896 necessario
669 1841 768 1926 esse,
785 1819 822 1895 ei
839 1825 995 1894 alterum
1012 1823 1051 1893 in
1069 1825 1218 1896 alterius
1232 1845 1295 1896 nna

313 1972 436 2034 turem
448 1967 625 2052 perpetuo
638 1958 730 2046 verti
747 1968 784 2028 et
802 1959 1033 2030 commutari.
1134 2023 1136 2030 χ

361 2111 552 2201 Denique,
579 2127 653 2178 non
681 2108 769 2177 satis
790 2118 846 2177 est
862 2109 1037 2180 Eleaticos
1055 2111 1290 2180 confutasset

312 2262 387 2316 non
405 2242 493 2319 setis
506 2250 565 2314 est
575 2240 731 2311 existere
746 2249 965 2330 utrumque,
983 2242 1083 2331 quod
1098 2241 1164 2313 isti
1176 2217 1295 2331 nege-

312 2383 455 2445 verunt.
473 2373 542 2444 Sed
555 2392 702 2443 necesse
716 2381 752 2441 et
767 2391 809 2442 ee
825 2347 972 2462 probari
984 2368 1200 2463 coniuncta,
1218 2389 1293 2445 non¹

311 2507 475 2597 sejuncta
489 2505 655 2574 existere.
972 2500 976 2505 ’

359 2657 431 2744 Qui
444 2657 639 2728 commixta
653 2677 731 2728 esse
750 2657 960 2747 opinentur,
977 2663 1099 2727 verum
1114 2657 1289 2745 cogitant.

311 2791 455 2862 Falsum
486 2801 523 2860 et
552 2765 777 2876 absurdum,
798 2793 876 2881 qui
907 2793 1090 2882 sejuncta,
1122 2790 1291 2885 Megarici

309 2937 462 3015 nempe,
481 2909 657 2996 sentiunt.
807 2899 824 2934 ⁵
1263 2915 1266 2924 ’
1394 2888 1398 2904 ’

358 3076 462 3161 Quod
475 3073 679 3166 multiplex,
691 3076 871 3170 abstracta
885 3059 1038 3162 unitate,
1051 3079 1165 3167 perit:
1179 3081 1291 3176 quod·

309 3227 380 3297 que
398 3228 534 3294 unum,
554 3209 585 3303 si
606 3211 724 3278 solum
746 3195 959 3297 reliquerim
988 3209 1082 3298 perit
1104 3233 1111 3280 :
1132 3177 1290 3302 nemque

309 3353 367 3412 res
386 3321 499 3411 ita'ad
516 3333 708 3411 Eleaticum
727 3340 1169 3441 positionemrevolvitur.
