3042 4972
691 433 990 512 -ra-·

355 642 440 714 bilia
461 661 603 730 necnon
624 641 845 724 immobilia,
866 641 991 713 eadem
1015 659 1058 710 ac
1074 640 1213 710 diversa
1227 650 1335 722 ,om-

355 775 416 844 nia
432 775 471 844 in
496 793 534 845 se
551 774 749 860 contraria,
766 782 804 844 et
817 774 914 845 inter
927 769 975 844 'se
992 771 1233 862 repugnantia
1248 789 1334 842 con-

349 908 508 998 jungent
528 910 591 998 (1).
700 893 707 906 “

734 1119 856 1213 ιν

581 1419 583 1424 .
681 1394 830 1452 rosrrro
850 1395 1000 1465 oum'm.

398 1651 512 1744 Hinc,
541 1657 780 1764 posteriorem
799 1627 929 1748 arripit
953 1658 1172 1750 positionem
1201 1658 1326 1742 Plato,

301 1845 303 1850 .
347 1790 478 1885 inqua
502 1785 652 1882 fingitur
669 1792 768 1883 quod
782 1811 897 1862 uuum
921 1801 984 1896 est
1006 1793 1178 1883 quodque
1199 1795 1324 1863 multi-

348 1929 439 2018 plen
448 1927 622 2010 existere,
643 1925 707 1996 sed
724 1925 882 1996 alterum
902 1926 949 1996 ab
967 1926 1082 1998 altero
1099 1928 1251 1999 omnino
1269 1907 1327 2000 se-

327 2045 333 2056 ’
343 2061 528 2152 iunctum.
633 2129 635 2136 ,

215 2161 219 2174 ’
289 2203 290 2210 ’
395 2194 593 2284 Postquam
617 2192 717 2263 enim
736 2173 926 2290 ¹quaesivit,
954 2190 1043 2283 quid
1062 2193 1220 2299 alterum
1241 2213 1329 2266 cum

348 2326 463 2398 altero
482 2325 644 2398 mixtum
655 2332 853 2428 pateretur,
874 2343 974 2395 nunc
990 2303 1177 2415 aptissime
1195 2328 1329 2418 rogitat

347 2475 471 2530 annon
505 2458 654 2528 dehoc
689 2456 788 2562 quod
812 2443 997 2529 diversum
1030 2466 1086 2529 est
1111 2457 1218 2530 aliter
1248 2460 1331 2532 fieri

348 2591 483 2682 possit,
503 2590 646 2661 etiamsi
658 2590 880 2661 concedatur
894 2589 994 2681 quod
1013 2608 1129 2662 unum
1146 2601 1184 2663 et
1199 2591 1329 2663 indivi-

349 2723 536 2828 duumest
552 2721 704 2793 existere
717 2717 788 2818 (η’
1089 2693 1090 2700 ¹
1192 2711 1194 2716 ’

398 2865 491 2937 Nam
509 2865 617 2952 longe
636 2863 707 2933 alia
724 2871 784 2933 res'
805 2873 882 2948 est,
909 2866 939 2934 si
956 2865 1066 2936 ambo
1082 2866 1267 2956 sejuncta,
1291 2875 1330 2938 et

350 2998 451 3070 omni
462 2996 684 3070 commercio
696 2995 858 3080 carentia
869 3004 1053 3098 ponantur
1066 3019 1076 3067 :
1091 3016 1159 3071 nec
1175 2981 1262 3070 satis
1275 3009 1332 3069 est

351 3141 549 3224 utrumque
575 3129 748 3213 existere,
782 3129 846 3200 sed
871 3137 1014 3222 oportet
1039 3150 1082 3203 ea
1108 3147 1214 3222 posse
1239 3148 1330 3201 con-

348 3263 468 3355 jungi,
485 3261 728 3346 commisceri,
744 3262 922 3352 copulari,
937 3282 1171 3356 nequaquam
1184 3272 1328 3350 autem,

353 3397 449 3470 sicut
464 3394 561 3486 apud
576 3393 787 3483 Megaricos,
804 3395 975 3486 separari.
1009 3386 1012 3394 '
1189 3381 1191 3385 ’

401 3528 469 3602 Hic
483 3528 610 3618 igitur,
622 3506 931 3619 quemadmodum
944 3527 1158 3620 inSophista
1170 3543 1333 3622 compro

385 3947 418 4013 (t)
437 3949 509 4005 Plau,
520 3945 689 4006 Parmenio„
701 3963 725 4010 p.
737 3951 792 4009 15⁹,
807 3963 832 4009 a,
846 3950 870 3999 b.

384 4031 416 4090 (2)
435 4027 512 4084 ibim,
527 4041 551 4088 p.
568 4031 623 4087 tto,
637 4041 664 4087 r,
676 4028 703 4076 d.
