3042 4972
191 675 290 746 enim
316 653 478 746 confutat
502 674 724 745 adversarios
752 684 788 744 et
812 669 948 746 alienas
972 673 1168 745 demolitur

191 809 398 899 opiniones,
425 806 517 876 nihil
544 813 666 877 tamen
693 808 770 897 ipse
794 805 833 876 in
857 808 979 878 locum
1003 807 1168 903 sufficere

191 940 334 1012 videtur
356 943 420 1032 (i).
457 939 586 1010 diteris
617 941 706 1030 quid
739 941 815 1045 ipse
844 942 984 1046 sentiat
1004 941 1101 1011 uitro
1134 951 1171 1010 et

192 1084 315 1164 aperte
340 1073 510 1163 exponit,
541 1071 825 1162 scientiamque,
856 1093 966 1163 quam
987 1073 1171 1164 disiecisse

193 1207 395 1291 videbatur,
410 1206 526 1278 reiicit
538 1209 657 1279 denuo
669 1228 711 1279 ac
724 1214 953 1296 coagmentat
961 1207 1023 1305 (2).
1034 1209 1171 1279 Prioris
1202 1176 1204 1180 ⁵

194 1348 316 1411 nutem
332 1340 474 1428 generis
488 1358 565 1410 esse
577 1341 848 1423 Parmenidem,
869 1341 955 1411 satis
972 1332 1171 1411 constater
1272 1427 1275 1436 ι

192 1477 270 1567 ipsa
286 1475 464 1544 sermonis
490 1475 606 1544 forma
628 1485 665 1544 et
680 1476 809 1564 specie
830 1473 906 1570 (3);
933 1494 1044 1564 quem
1060 1475 1173 1562 igitur

194 1618 257 1678 aut
287 1619 362 1678 non
394 1601 543 1678 omnino
579 1597 750 1697 expiicari
784 1609 821 1677 et
856 1599 1033 1678 illustrari
1068 1627 1171 1698 posse

193 1738 462 1830 agnoscendum
475 1750 549 1823 est,
571 1745 634 1811 aut
654 1741 692 1809 in
711 1753 755 1810 eo
768 1740 957 1810 Platonem
974 1709 1106 1815 cuncta
1131 1755 1172 1808 ex
1193 1795 1194 1800 ,

194 1873 320 1944 ordine
346 1882 550 1945 ceterorum
573 1869 871 1968 philosophorum
893 1874 1004 1957 scita,
1029 1855 1074 1943 de
1093 1889 1173 1963 pro-

193 2005 309 2096 posita
322 2005 538 2104 quaesiione,
555 2014 592 2074 et
604 2015 709 2075 notas
723 1999 913 2096 opiniones
928 2025 1121 2095 exponere,
1136 2013 1174 2074 et

194 2137 506 2227 argumentatione
525 2130 724 2208 destruere.

241 2271 346 2348 Nunc
356 2279 492 2353 autem,
504 2270 727 2360 proferentes
737 2266 781 2338 ad
793 2265 1172 2360 tempusParmenidis

195 2404 308 2496 ipsius
323 2393 670 2484 considerationem,
689 2399 988 2492 praeiudicatione
1010 2422 1174 2492 quaerere

195 2535 447 2628 aggrediemur
466 2534 616 2624 quidde
634 2536 702 2605 hac
718 2555 758 2606 re
775 2536 887 2606 ceteri
911 2536 1000 2606 oiim
1018 2536 1175 2625 philoso-

196 2668 258 2760 phi
269 2647 289 2751 ,
299 2665 387 2757 quid
404 2664 537 2736 deinde·
550 2665 628 2756 ipse
643 2666 744 2736 Plato
759 2667 953 2736 censuerit.

245 2800 333 2889 Quae
346 2799 457 2871 inerit
468 2785 710 2870 Eleaticorum
723 2799 888 2890 doctrina
902 2819 968 2874 nos
980 2787 1088 2897 docet
1098 2797 1176 2890 ipse

197 2929 442 3015 Parmenides
461 2931 568 3021 cuius
580 2931 729 3000 nomine
742 2929 844 2999 Plato
857 2933 1063 3001 sermonem
1078 2932 1176 3003 hunc

200 3081 308 3138 suum
326 3063 523 3153 inscripsit.
552 3061 617 3138 His
642 3063 743 3134 enirn
761 3062 947 3148 versibus,
965 3064 1061 3154 apud
1085 3061 1177 3134 Sim-

201 3198 351 3290 plicium
366 3193 432 3292 (it),
455 3195 674 3266 sententiam
691 3199 794 3265 suam
808 3169 984 3285 expressit
1004 3211 1013 3263 ι’

231 3543 353 3618 (ticoni.
369 3546 497 3612 sophista,
508 3549 638 3606 Tneaeteti,
651 3541 749 3598 Phiiaebi
760 3555 938 3609 argumentum.

234 3633 268 3699 (2)
283 3631 349 3682 Utin
361 3629 507 3691 Republica,
519 3628 543 3675 in
555 3627 690 3686 Piraedone,
703 3628 728 3676 in
739 3627 839 3687 Gorgia.

167 3775 168 3780 Ἰ
234 3714 267 3776 iii)
284 3711 420 3785 Loquentes
430 3709 494 3758 enim
508 3708 553 3768 ipsi
563 3707 711 3756 inducuntur
720 3707 786 3755 Zeno
795 3719 822 3755 ao
834 3705 997 3768 Parmenides,
1010 3705 1116 3755 Eleatici.

235 3795 268 3854 (i)
286 3791 423 3849 Simplicius
437 3790 476 3848 (in
495 3787 611 3850 puysie).

403 3920 410 3934 .
426 3919 434 3933 .
454 3918 461 3931 .
481 3922 486 3932 .
499 3919 510 3948 χ.
529 3883 563 3932 Οὐ
576 3884 621 3947 γὰρ
632 3883 704 3945 φατὸν
716 3881 770 3930 οὐδὲ
781 3884 865 3940 νοητόν

402 3958 470 4014 rimo
481 3965 544 4017 ὅπως
553 3961 598 4011 οὐκ
609 3962 700 4016 ἔστι...,
712 3974 737 4016 κ,
747 3977 770 4008 τ.
780 3959 805 4010 λ.

202 4071 271 4121 Coui.
282 4070 384 4130 Platon,
395 4067 481 4126 sopit,
494 4078 519 4126 p.
533 4067 588 4126 237,
598 4055 654 4113 258.
664 4064 777 4121 Aristoie,
787 4061 845 4111 idei.
858 4060 931 4124 xiii,
942 4065 967 4120 2,
979 4074 1002 4122 p.
1013 4065 1067 4122 itii,
1077 4060 1102 4109 b.
