3042 4972
744 439 914 508 με..

333 661 418 714 uem
460 642 681 731 congessisse
716 644 839 727 aiunt,
875 618 1089 732 nebulisque
1128 643 1307 712 volentem

329 793 409 862 sese
427 773 638 857 involvisse,
661 784 698 845 et
711 775 895 848 ,absurdas
912 775 950 844 in
972 759 1306 845 concatenationem

331 905 620 986 inextricabilem
637 909 833 978 sententias
849 909 1083 998 implicuisse.
1104 909 1221 996 Quem
1237 909 1308 998 igi-

330 1049 392 1112 tur
422 1041 565 1113 Graecia
585 1044 828 1133 sophistarum
854 1045 1108 1114 insectatorem
1130 1044 1252 1137 uidit,
1270 1053 1308 1114 et

329 1155 665 1247 commentitiorum
689 1177 987 1267 pbilosophorum
1010 1177 1217 1259 irrisorem,
1250 1176 1307 1247 bis

330 1308 449 1379 verbis
462 1310 733 1380 calumniantur
746 1331 754 1378 ε
768 1293 898 1400 nempe
912 1330 994 1380 eum
1006 1364 1014 1393 ,
1027 1311 1115 1379 dum
1129 1309 1308 1414 sophistas

329 1443 493 1532 ipsorum
517 1444 599 1514 telis
619 1444 847 1527 confoderet,
876 1445 915 1522 in
943 1443 1183 1526 bocvitium,
1208 1445 1306 1533 quod
1401 1446 1405 1454 '

328 1576 506 1666 copitistlce
517 1579 612 1668 apud
630 1578 757 1648 Graios
774 1575 974 1660 dicebatur,
994 1577 1177 1660 incidisse.

377 1711 499 1797 Quum
527 1732 600 1783 nou
626 1722 768 1783 vacaret
795 1731 985 1782 recensere
1001 1730 1128 1782 omues
1147 1711 1306 1781 Platonis

328 1845 669 1944 dialogos,etculpa
679 1846 840 1936 singulos
853 1845 1023 1928 eximere,
1037 1845 1303 1930 parmenidem,

329 1993 403 2066 prae
433 1979 572 2050 caeteris
600 1978 750 2066 dialogis
782 1977 969 2068 spinosum
1001 1986 1110 2066 atque
1135 1986 1305 2064 argutum

327 2109 525 2198 elegimus,
556 2113 697 2203 inquo
730 2112 956 2202 apertissime
991 2112 1069 2182 haec
1098 2111 1303 2193 accusatio,

327 2262 437 2332 quam
455 2263 546 2313 vana
563 2245 630 2327 sit,
651 2244 917 2337 ostenderetur,
1292 2211 1297 2224 ,

376 2377 500 2466 Neque
524 2379 584 2447 bic
608 2378 786 2466 quaeritar
807 2397 852 2446 an
876 2386 982 2447 acute
1006 2377 1107 2447 Plato
1130 2397 1303 2448 nonnun-

266 2487 267 2499 ἵ
327 2529 437 2599 quam
455 2510 684 2593 disseruerit,
711 2519 748 2581 et
768 2509 835 2580 sibi
858 2511 995 2600 aliquid
1023 2510 1120 2580 Graii
1143 2509 1302 2599 ingenii,

326 2617 756 2733 vernalisque‘acuminis
779 2645 1049 2735 desumpserit:
1070 2657 1180 2736 quem
1205 2645 1304 2716 enim
1344 2723 1349 2728 ,

326 2777 423 2847 inter
441 2778 585 2848 Graecos
603 2747 821 2869 ¹scriptorem
843 2799 916 2849 nou
933 2787 1038 2849 acute
1056 2779 1187 2849 dixisse
1202 2779 1306 2848 inve-.

327 2911 495 2981 niemus‘l
516 2911 625 3002 Atqui
650 2911 789 2981 nullam
806 2911 983 2982 exstitisse
1000 2910 1199 3000 splendidis
1216 2913 1306 2982 ube-

324 3043 461 3114 riorem
491 3044 648 3132 ingeniis
679 3054 822 3130 gentem
856 3043 1090 3135 perspicuum
1118 3025 1191 3127 est;
1221 3046 1303 3129 sed,

326 3197 437 3246 vacua
454 3197 498 3247 ne
512 3198 554 3246 ac
569 3179 758 3270 nugatoria
773 3189 851 3247 arte
865 3174 983 3261 Plato,
1000 3199 1081 3267 quae
1097 3199 1241 3249 summa
1252 3200 1307 3250 re·

325 3311 487 3394 verentia
505 3313 613 3399 digna
629 3321 734 3393 suut,
754 3313 926 3380 inlusum
945 3313 1113 3416 verterit,
1132 3320 1168 3380 et
1182 3313 1307 3382 huma-

325 3463 429 3529 nam,
449 3446 512 3516 Dei
533 3465 686 3528 munos,
706 3446 887 3515 rationem
907 3455 1140 3535 aspernatus,
1162 3454 1308 3515 coutra-

324 3579 461 3662 riarum
486 3579 641 3660 invicem
664 3579 926 3648 sententiarum
954 3585 1213 3667 propugnatur,
1240 3579 1308 3658 hoe

325 3723 469 3782 tautum
495 3713 533 3781 iu
557 3713 747 3782 scribendo
772 3712 976 3802 quaesierit,
1000 3722 1041 3781 ut
1061 3712 1193 3781 scitum
1211 3691 1248 3781 se
1273 3721 1309 3782 et

323 3848 560 3928 exercitatum
579 3848 615 3926 iu
634 3847 835 3924 disserendi
848 3857 924 3921 arte
938 3846 1174 3948 gladiatorem
1186 3856 1310 3924 osten,

322 3991 428 4060 taret
