3042 4972
757 449 943 518 ..18-

407 647 486 720 Non
521 668 562 724 ea
596 646 778 740 sejuncta,
814 649 880 719 sed·
906 649 1107 722 necessario
1137 649 1332 738 conjuncta

360 801 438 854 esse
457 800 553 864 ‚nec
567 799 671 870 posse
683 780 899 860 alterutrum
926 782 996 854 uisi
1017 801 1100 853 cum
1119 783 1232 856 altero
1249 781 1335 852 mis·

359 924 497 997 ceatur,
516 914 635 1020 vivere
653 911 716 1008 (i).
1065 893 1084 1009 '⁴

407 1047 495 1116 Fore
514 1057 636 1117 tamen
655 1058 697 1119 ut
720 1045 826 1116 ambo
845 1023 1139 1137 corrumpamur,
1167 1048 1197 1120 si
1220 1047 1335 1120 omni-

360 1181 468 1255 modo
480 1181 575 1252 inter
590 1200 627 1251 se
644 1189 681 1250 et
694 1181 841 1251 confuse
858 1181 1051 1269 conjuncta
1063 1182 1183 1262 erint,
1203 1189 1240 1254 et
1256 1180 1334 1252 sine

359 1316 436 1402 lege
454 1307 584 1398 mixta,
605 1285 805 1408 vanescant*
819 1311 884 1407 (ἢ).
951 1387 954 1394 ‚

404 1446 517 1516 Porro
533 1455 609 1516 tota
627 1445 723 1514 intra
741 1443 829 1514 fines
852 1446 959 1516 unius
977 1438 1163 1520 sententiae
1181 1445 1334 1534 quaestio

358 1579 416 1654 irie
440 1579 621 1673 proposita
638 1577 867 1654 concluditur
882 1587 895 1646 ἐ
920 1578 1043 1655 falsam
1064 1577 1330 1659 Eleaticorum,

357 1711 680 1794 Heracliticorum‚
712 1709 974 1805 Megaricorum
1001 1697 1207 1798 opinionem
1232 1729 1331 1792 esse,

358 1845 442 1934 quia
456 1815 606 1934 simplex
621 1852 659 1912 et
666 1841 852 1925 absoluta,
873 1844 1063 1926 peculiam
1078 1842 1333 1933 circumscrip-

356 1978 493 2052 tionem
511 1976 865 2048 aut'distinctionem
884 1976 1053 2046 admittit.

404 2109 569 2198 Quorum
582 2109 792 2196 sententias,
808 2117 990 2198 quatenus
1001 2109 1100 2188 nulla
1113 2108 1268 2181 admissa
1282 2108 1334 2180 in·

356 2243 507 2314 flexione
520 2252 783 2334 proponuntur,
800 2251 907 2330 negat
920 2261 959 2314 so
972 2252 1206 2330 accepturum
1218 2241 1331 2323 Plato,

357 2375 439 2471 sed,
460 2375 556 2454 utin
580 2394 618 2444 se
641 2375 829 2448 veritatem
852 2353 1030 2458 habeant,
1055 2373 1106 2450 ait
1131 2372 1335 2448 restrictius

358 2507 553 2602 ponendas.

298 2734 300 2738 Α
406 2641 532 2733 itaque
547 2638 586 2709 in
604 2639 762 2729 sophista
773 2639 1000 2730 impugnavit
1016 2660 1078 2710 eos
1089 2641 1152 2730 qui
1167 2639 1336 2738 dicebam
1387 2669 1390 2672 ·

359 2772 537 2865 quidquid
567 2769 725 2864 quodam
756 2773 863 2850 modo
900 2793 967 2846 noo
999 2783 1072 2855 ost,
1104 2793 1334 2864 nequaquam

359 2906 509 2976 existere
528 2925 649 2995 posse,
666 2905 723 2975 his
740 2905 860 2975 verbis
880 2905 1121 2994 significantes
1134 2905 1246 2989 nihil,
1265 2908 1336 2978 nisi

359 3019 455 3130 quod
479 3039 664 3120 absolute,
686 3047 834 3128 totoque
859 3055 966 3109 sensu
989 3047 1070 3123 est,
1093 3038 1269 3122 existere,
1300 3049 1336 3110 at

361 3171 539 3261 quidquid
557 3171 683 3260 quavis
703 3191 744 3240 ex
769 3181 871 3260 parte
892 3139 1055 3262 quemvis
1073 3170 1250 3246 existendi
1271 3173 1337 3246 de·

361 3305 496 3376 tectum
511 3303 680 3394 patiatur,
699 3304 841 3374 nullum
853 3302 894 3376 ,in
909 3301 1058 3375 modum
1075 3303 1268 3390 existendi,
1282 3308 1335 3376 vel

363 3436 527 3517 minime,
541 3436 719 3526 particeps
732 3442 827 3518 esse(
834 3435 883 3525 3).
897 3436 997 3509 Plato
1011 3446 1134 3508 nutem
1151 3439 1345 3512 conundir

359 3691 673 3706 ,.........-..-...—.

395 3864 428 3926 (i)
451 3862 646 3925 clausmors,
659 3879 684 3924 p.
698 3868 753 3920 256,
766 3867 818 3914 257⁴

398 3944 430 4004 (i)
449 3945 572 4003 Sopirist„
584 3958 609 4003 p.
620 3949 662 3995 ΞΜ
673 3982 678 3991 .
690 3958 745 4002 sqq.

398 4023 430 4088 (t)
450 4025 524 4081 tntu,
538 4039 562 4084 p.
572 4028 629 4080 nur,
642 4037 694 4083 mpp.
