3042 4972
723 431 912 502 ...22-

336 645 411 718 tur,
433 643 692 724 mutanturque
707 644 746 704 et
757 635 966 715 intereunt,
986 633 1029 704 de
1047 633 1214 714 materia,
1230 633 1305 702 lor-

337 787 400 836 sau
427 768 599 837 concedet
624 764 803 848 Socrates;
826 767 889 835 sed
906 767 1036 855 quaerit
1059 766 1188 835 deinde
1211 783 1305 834 anne

265 919 267 924 ’
336 899 380 968 de
406 919 446 969 re
472 898 590 968 stabili
612 908 648 968 et
666 897 886 967 immutabili
902 897 999 968 idem
1021 899 1104 988 jure
1127 897 1246 966 dicere
1262 896 1306 965 li-

337 1043 416 1106 ceat
434 1030 495 1127 (1).
513 1000 755 1102 contenderat
771 1033 888 1115 Zeu0,
903 1033 935 1103 si
949 1053 991 1102 ea
1003 1051 1083 1122 quae
1095 1040 1181 1102 suut
1192 1031 1308 1102 multa

337 1182 416 1235 esse
442 1161 664 1245 statuantur,
684 1165 787 1254 sequi
811 1165 896 1234 inde
913 1173 955 1235 ut
972 1165 1097 1233 eadem
1120 1170 1157 1232 et
1176 1161 1308 1232 similia

336 1304 373 1364 et
392 1295 580 1364 dissimilia
598 1296 808 1382 videantur,
826 1317 908 1386 quae
925 1295 1103 1366 sententia
1124 1291 1309 1372 absurdis-

336 1428 427 1497 sima
450 1437 516 1499 est.
541 1427 704 1498 Socrates
726 1438 848 1498 autem
861 1429 971 1498 rebus
989 1428 1171 1516 corporeis
1188 1435 1226 1496 ct
1242 1424 1310 1495 sub

339 1578 466 1633 seusus
491 1561 703 1632 cadentibus
726 1562 906 1666 contraria
931 1562 1044 1632 tribui
1066 1579 1169 1652 posse
1193 1576 1310 1648 neque

340 1695 523 1777 miratur,
553 1713 673 1785 neque
706 1705 845 1783 negat;
874 1696 935 1765 sed
960 1694 1108 1785 majoris
1137 1692 1312 1762 momenti

340 1825 578 1914 quaestionem
596 1819 758 1896 futuram
770 1847 847 1897 esse
866 1827 1083 1907 arbitratur,
1102 1824 1133 1894 si
1147 1823 1193 1895 ad
1211 1823 1314 1892 ideas

341 1933 501 2034 transeat
517 1957 580 2048 (2).

390 2089 575 2184 Quidquid
599 2093 698 2168 euim
718 2101 929 2179 generatum
954 2101 1062 2182 atque
1085 2101 1207 2162 ortum
1223 2088 1316 2161 dici·

343 2195 443 2308 mus,
463 2226 699 2297 simulacrum
723 2229 843 2297 forsan
864 2236 901 2297 et
924 2225 1121 2313 imaginem
1144 2245 1220 2295 esse
1249 2224 1317 2295 ali-

341 2359 594 2446 cujusaeterui‚
609 2359 722 2428 divini
730 2357 997 2449 quodammodo
1009 2358 1188 2447 particeps
1200 2376 1317 2427 exem-

344 2489 462 2577 plaris.
481 2491 602 2560 Iocum
619 2489 752 2578 igitur,
768 2492 806 2560 iu
828 2511 1012 2574 sennam,
1031 2485 1252 2560 individuam
1276 2511 1318 2560 ac

345 2622 546 2710 simplicem
574 2643 678 2706 asse,
701 2624 853 2694 divisam
877 2633 998 2694 tamen
1017 2643 1060 2692 ac
1084 2621 1254 2711 partitam
1280 2623 1318 2691 iu

347 2755 455 2825 rebus
470 2777 550 2846 quae
566 2757 764 2845 gignuntur
780 2745 817 2827 et
834 2755 990 2847 speciem
1010 2754 1223 2826 aternitatis
1237 2755 1320 2824 imi-

347 2873 493 2972 tantur,
514 2871 630 2961 videri
641 2915 649 2972 ;
669 2875 975 2980 quemadmodum
991 2889 1061 2971 sol,
1079 2889 1156 2976 ipse
1181 2887 1321 2975 integer
1342 2963 1344 2970 ,
1420 2965 1428 2986 ⁹

348 3032 385 3092 et
397 3024 643 3130 incorruptus,
657 3042 799 3113 semper
811 3023 908 3092 idem
924 3021 1034 3091 ac'sui
1047 3020 1189 3104 similis,
1202 3021 1322 3092 lucem

351 3174 455 3227 suam
472 3175 535 3244 per
555 3174 681 3224 omnes
700 3165 880 3224 terrarum
897 3153 1062 3242 regiones
1080 3153 1265 3235 diffundit,
1286 3163 1324 3224 et

351 3286 454 3384 quasi
467 3285 523 3360 sui
540 3267 754 3376 particulam
770 3283 922 3376 singulis
939 3282 1027 3354 locis
1043 3285 1196 3372 largitur
1216 3281 1280 3380 (ὅ).

400 3415 565 3500 Scilicet,
583 3419 680 3487 hunc
693 3417 731 3485 in
751 3415 897 3485 modum
916 3415 1023 3487 verba
1037 3389 1122 3523 lacit
1138 3401 1319 3490 Socrates:

387 3843 420 3906 (t)
438 3845 499 3900 blot.
516 3842 680 3892 Permulti..
691 3856 715 3903 p.
727 3847 781 3890 129.

388 3923 421 3984 (u
439 3925 513 3975 llud,
530 3937 553 3984 p.
565 3927 620 3982 mn,
633 3927 686 3972 rao.

389 4002 421 4072 (a)
440 4004 515 4060 Plau,
530 4002 683 4053 Parmenid.
694 4037 700 4062 ,
713 4017 737 4064 p.
749 4007 803 4065 12⁹,
816 4007 869 4052 130.
921 4009 924 4016 ’
