3042 4972
614 432 782 502 ...μ

249 633 334 704 Attis
346 634 464 704 visum
476 635 729 708 Parmenidem
745 657 817 708 non
832 657 910 709 esse
924 640 1021 710 inter
1035 639 1180 728 dogma·

200 767 289 837 ticos
306 767 466 838 Platonis
487 769 600 840 libros
619 772 910 849 numerandum,
930 782 967 842 at
987 773 1025 842 in
1044 791 1087 843 eo
1101 773 1180 842 dia·
1230 792 1232 803 ·

201 898 367 972 lecticam
391 901 644 994 tantummodo
665 903 964 976 exercitationem.
977 904 1177 987 contineri,

203 1015 276 1124 qua
296 1025 389 1105 nihil
412 1035 610 1124 quidquam
629 1035 674 1103 ad
695 1035 877 1126 liquidum
898 1036 1178 1126 perduceretur,

203 1187 270 1238 nec
294 1175 431 1238 certam
451 1167 497 1236 ad
522 1167 795 1240 conclusionem
822 1169 986 1239 venirent
1005 1169 1183 1240 instituta
1222 1158 1226 1166 ’

201 1298 492 1390 disquisitionem
507 1299 568 1370 sed
581 1353 590 1383 ,
605 1298 740 1390 quibus
750 1301 789 1370 in
803 1301 1014 1372 disserendo
1027 1303 1181 1389 artibus,

203 1451 314 1522 quam
339 1431 499 1520 captiosa
525 1434 841 1521 argumentatione
864 1433 921 1504 uti
938 1434 1075 1506 Eleates
1092 1455 1182 1506 con-

204 1563 425 1648 suevissent,
443 1583 508 1654 per
518 1567 724 1655 exemplum
735 1567 989 1638 ostenderetur
1001 1563 1064 1661 (l).
1082 1567 1184 1638 Leib·

206 1699 318 1771 nitius
335 1709 476 1781 autem,
496 1699 533 1768 in
552 1700 783 1786 Parmenide,
803 1703 1016 1792 «specimen
1034 1702 1185 1791 prolun-

206 1834 364 1904 dissimae
379 1833 549 1935 Platonis
559 1833 827 1925 philosophiae·
848 1835 1088 1926 quaerendum
1106 1853 1185 1906 essa

209 1986 276 2037 nos
292 1975 429 2036 monet.

255 2097 521 2206 Alii,denique,
531 2099 692 2171 Platonis
702 2100 955 2172 Parmeniden
963 2097 1028 2197 (2),
1037 2104 1187 2188 propter

207 2231 468 2303 obscuritatem
490 2233 768 2323 disputationis,
794 2252 814 2301 a
840 2233 988 2302 Platone
1008 2230 1186 2320 scriptum

208 2384 286 2438 esse
299 2364 606 2456 negaveruntldl,
620 2373 697 2448 aut,
712 2366 855 2446 saltem,
874 2363 1052 2455 quidquid
1065 2363 1103 2437 in
1117 2362 1187 2431 hoc

208 2497 302 2570 libro
319 2497 539 2586 disputatur,
560 2517 626 2587 pro
649 2497 749 2569 vanis
767 2508 805 2568 et
822 2496 1011 2568 fallacibus
1031 2493 1188 2582 argutiis

208 2631 356 2706 duxere.
382 2630 454 2701 Nee
480 2607 735 2701 Parmenidem
759 2639 926 2710 tantum,
950 2629 1073 2699 sedet
1097 2627 1187 2697 alios

209 2745 370 2854 dialogos
396 2763 612 2846 attulerunt,
644 2763 682 2832 in
718 2761 852 2852 quibus
885 2762 1033 2844 inanes,
1068 2779 1188 2851 neque
1282 2832 1285 2837 .

211 2902 327 2971 ullum
345 2899 391 2970 ad
414 2900 525 2968 linem
553 2897 755 2987 propositas
780 2894 1052 2985 disquisitiones
1067 2893 1188 2965 Plato-

883 3140 1182 3152 ψ.

240 3305 274 3372 (Ι)
291 3307 375 3356 Fuisse
392 3305 458 3371 apud
474 3310 568 3354 veteres
581 3302 624 3364 qul
641 3313 763 3352 summum
777 3301 928 3354 Parmealdls
940 3300 1012 3348 inem
1025 3301 1049 3348 ln
1066 3298 1192 3348 dialectieo

209 3376 458 3447 artlllcloponer'ent,
478 3398 492 3433 a
508 3383 593 3432 Proeto
614 3383 750 3444 accepimus
766 3380 961 3441 (Commeotor.
978 3379 1008 3428 ln
1026 3378 1193 3436 Parmenid,

211 3458 272 3518 tom.
284 3469 324 3525 tv,
337 3479 364 3528 p.
376 3469 420 3528 tl,
434 3471 478 3526 22,
495 3465 540 3514 lid.
552 3461 668 3526 cousin),
686 3462 747 3522 Quas
763 3463 862 3524 qnidam
883 3461 1050 3522 interpretatio
1061 3461 1091 3507 ad
1111 3469 1194 3506 recen·

211 3551 285 3598 tiores
294 3549 404 3608 translit,
421 3549 484 3596 luter
495 3555 557 3608 qnos
567 3549 673 3596 loannes
685 3547 756 3594 Plaus
768 3544 903 3593 Mirandnla
915 3541 988 3604 (Edit.
1001 3540 1135 3590 Bonontan.
1145 3573 1151 3594 ,
1161 3549 1192 3594 o,

212 3635 289 3694 llio,
304 3645 331 3694 p.
343 3633 386 3694 2),
405 3633 531 3681 utmalros
543 3632 603 3679 altos
614 3631 655 3690 qul
667 3631 793 3689 superlore
803 3628 890 3676 seculo
902 3627 1026 3685 vixerunt,
1042 3627 1191 3672 omittamus.

237 3712 276 3780 (a)
295 3713 366 3763 Coni.
379 3712 429 3762 Gla.
447 3713 482 3762 De
493 3713 611 3768 divinat,
623 3712 633 3759 l
644 3746 652 3770 ,
669 3715 708 3760 at.

477 3847 489 3872 a
503 3830 569 3878 Utin
582 3829 683 3878 Plredro
696 3827 833 3874 Pletoniam

243 3949 280 4014 (3)
294 3952 424 4006 Suelterus,
432 3951 461 3996 de
473 3950 565 3996 Platon.
575 3948 674 4008 script..
687 3959 712 4005 p.
724 3948 777 3999 πθ,
787 3956 852 4002 sqq,
862 3942 926 4002 aptnl
937 3939 1068 3990 Stalllraum
1085 3936 1206 3998 (Patonls'

213 4031 377 4089 Patrneaidas‚
393 4031 536 4090 prolegom,
551 4029 592 4076 lll).
607 4028 647 4084 lll,
659 4041 683 4087 p.
696 4028 750 4084 331,
764 4022 840 4084 sqq).
