3042 4972
10 947 12 992 l

605 435 795 520 235„

215 645 336 724 betur·
332 656 495 744 optime,
517 651 643 724 salsam
661 643 769 744 etque
792 655 984 724 absurdam
1005 646 1191 745 Megaricis

216 789 555 902 opinionemesse.
804 790 807 795 “
1180 794 1183 799 ’

266 921 302 990 Si
319 920 432 1009 lingas
449 921 547 1011 quod
568 919 757 1022 multiplex
772 921 921 992 omnino
940 863 1060 992 selum
1080 917 1117 993 el
1135 942 1193 994 se-

215 1055 386 1144 junctum
404 1055 577 1138 existere,
606 1051 654 1123 ed
674 1053 712 1123 id
736 1051 893 1143 adigeris
918 1061 960 1124 ut·
984 1053 1093 1142 neges
1117 1073 1195 1126 esse

207 1185 318 1276 quod
344 1179 533 1276 multiplex
556 1191 680 1269 voces,
712 1201 749 1256 et
774 1187 813 1256 in
838 1181 1116 1258 Eleaticorum'
1106 1190 1197 1258 msi-

222 1301 400 1411 pientiam
409 1319 615 1390 revolveris.
634 1317 739 1406 Quod
755 1319 854 1389 enim
867 1319 970 1389 omni
987 1331 1087 1410 parte
1106 1323 1199 1393 mul-

222 1457 346 1544 tiplex,
363 1473 405 1525 ec
415 1454 613 1537 diversum
625 1473 667 1523 ac
679 1441 812 1524 moblle
825 1456 872 1524 sit
883 1457 1066 1544 quomodo
1084 1459 1201 1547 possis

145 1679 146 1682 Ἴ
224 1603 298 1658 uno
313 1587 470 1657 mimine
494 1587 546 1678 (l)
570 1595 711 1673 lotum,
739 1603 812 1691 um
840 1593 877 1656 et
907 1587 1033 1658 eadem
1057 1590 1199 1661 ratione

224 1703 560 1809 comprehenderet
590 1718 685 1805 Quid
712 1717 758 1788 de
786 1737 829 1789 eo
859 1720 983 1808 possit·
1000 1722 1200 1803 affirmari,

224 1845 324 1941 quod
336 1827 511 1941 perpetua
526 1839 735 1922 diversitate
752 1852 897 1926 labatur
912 1864 950 1922 et
963 1855 1090 1940 lugiet,
1108 1864 1146 1923 'et
1164 1855 1203 1925 in

228 1985 384 2057 nihilum
400 1985 529 2057 abeat?
547 1986 674 2076 ltaque
688 1985 942 2057 relabimurin
959 1987 1053 2057 hanc
1069 1990 1205 2077 opinio·
1293 2073 1295 2078 y

228 2137 333 2202 nem,
351 2119 450 2211 quod
464 2138 581 2194 unum
598 2118 820 2211 absoluteet
832 2118 1061 2219 individuum
1078 2130 1135 2190 est
1149 2139 1205 2188 so-

229 2251 307 2334 lum
319 2251 472 2324 existere
489 2249 559 2346 (2),
576 2251 837 2341 quamquidem
853 2261 896 2322 ut
907 2269 1058 2324 vacuam
1077 2263 1116 2330 et
1130 2253 1206 2322 ina-

229 2405 315 2456 nem
326 2381 604 2464 confutavimus
1067 2373 1069 2380 ’

282 2885 575 2980 Subtilis1gitur‚
602 2901 669 2961 nec
698 2908 852 2980 usquam
868 2890 1021 2980 abrupta
1044 2891 1210 2978 disputa-

233 3023 344 3094 tmms
356 3024 522 3104 reticita
534 3024 625 3095 utm
639 3024 705 3092 hec
717 3023 1212 3114 argutiss1mad1sqms1t10ne

234 3158 375 3228 eluceat
387 3156 476 3227 ordo
487 3166 526 3226 at
537 3155 765 3246 composmo

283 3289 428 3361 Scilicet
453 3289 498 3360 de
525 3290 782 3380 metaphysicis
807 3291 937 3380 positia
958 3291 1113 3381 quaestio
1133 3299 1211 3390 est,

237 3431 363 3493 utrum
380 3423 477 3513 quod
499 3433 555 3516 est
576 3409 692 3494 unum
714 3419 768 3493 an'
784 3424 968 3494 diversum
993 3443 1072 3496 esse
1090 3420 1216 3491 dicen-

238 3555 324 3626 dum
339 3557 397 3627 sit.

273 3967 306 4032 (1)
323 3969 399 4025 Fiat..
413 3964 568 4016 Parmenid.
576 4000 583 4026 ,
594 3976 621 4024 p.
632 3964 686 4022 160,
701 3976 726 4012 a.
775 3991 777 3996 ·

275 4047 307 4111 (ἱ)
324 4047 403 4107 ibim,
417 4058 443 4106 p.
453 4047 509 4107 1⁶0,
522 4043 585 4106 l,'c‚
596 4042 630 4101 cl,
643 4055 664 4090 e.
