3042 4972
549 535 740 612 ..pam

151 719 240 792 sisse
262 729 300 790 et
319 720 446 790 inanes
461 721 604 795 nullum
621 723 667 792 ad
684 724 795 794 finem
814 713 1131 812 argutiosas·spec-

149 853 292 922 tavisse.
313 846 442 923 Nonne
461 853 560 923 eninr
577 855 721 926 easdem
743 875 802 926 res
822 863 859 924 et
876 855 1041 925 eamdem
1057 855 1132 925 iere

151 983 420 1056 ordinationem
432 985 469 1055 in
489 985 656 1076 Sophiste
672 987 910 1076 Philoeboque
928 1005 971 1056 ao
990 986 1030 1057 in
1049 986 1133 1054 Par-

150 1117 296 1187 menide
313 1117 478 1188 invenire
489 1123 567 1190 esti
584 1119 713 1190 Nonne
729 1118 904 1188 eademin
920 1118 978 1188 his
997 1117 1132 1207 scripta

151 1261 189 1318 et
205 1249 384 1342 disputata
409 1272 491 1342 quae
513 1251 659 1336 siccius,
686 1253 820 1336 fateor,
848 1263 885 1324 et
911 1253 1076 1340 argutius
1093 1252 1131 1320 in

152 1383 368 1456 Parmenide
380 1384 629 1472 disseruntur?

200 1517 304 1588 Nune
321 1517 489 1601 demum,
505 1519 608 1590 sicui
624 1520 778 1591 dubium
794 1521 913 1590 adhuc
924 1537 1003 1588 esse
1016 1516 1132 1588 video-

153 1663 212 1722 tur
227 1652 417 1724 Platonem
430 1663 514 1724 ante
530 1674 657 1728 omnes
672 1654 718 1725 ab
735 1655 904 1746 sophistis
927 1660 1132 1723 aversatum

152 1785 279 1868 fuisse,
299 1795 354 1868 at,
376 1785 485 1856 fidem
504 1786 542 1855 in
562 1807 605 1857 eo
619 1789 821 1876 summam,
841 1797 875 1858 et
895 1784 1132 1890 dubitationis

152 1918 274 2006 sogam
290 1918 408 1987 inesse
431 1937 498 1987 nos
511 1917 686 2001 doceant,
708 1892 793 2010 quae'
805 1920 882 2010 ipse
904 1920 948 1989 de
965 1897 1134 2008 scepticis

153 2052 190 2118 in
210 2052 308 2122 hunc
326 2071 468 2120 morem
491 2052 606 2142 (apud
624 2050 867 2146 Phoedonem)
887 2053 1031 2123 locutus
1050 2060 1129 2121 est:

206 2183 327 2255 »Sunt
347 2185 410 2275 qui
432 2185 469 2258 in
493 2186 646 2256 rationis
660 2172 930 2276 contemptum,
946 2184 1041 2255 sicut
1054 2183 1133 2273 qui-

155 2348 168 2380 »
189 2318 273 2388 dam
297 2319 335 2388 in
356 2308 508 2390 humani¹
526 2320 668 2409 generis
683 2320 828 2402 odium,
843 2319 1008 2389 incidant
1024 2339 1033 2387 τ
1051 2338 1132 2407 quae

155 2455 345 2524 »maxima
370 2457 556 2526 calamitas
581 2465 647 2526 est.
666 2456 707 2524 Et
732 2455 779 2525 ob
797 2439 963 2525 eamdem
986 2473 1131 2525 causam

155 2618 167 2649 r
187 2589 240 2657 illi
259 2589 463 2658 humanum
485 2608 620 2676 genus,
637 2589 675 2658 hi
694 2590 878 2671 ‚rationem
904 2597 1128 2658 aversantur.

153 2753 165 2786 s
187 2697 351 2792 Alterum
363 2724 462 2794 euim
481 2723 598 2793 oritur
616 2719 807 2812 postquam
821 2721 931 2790 alicui
948 2720 1131 2790 immerito

159 2889 171 2918 a
189 2856 380 2926 confideris
390 2910 404 2939 ‚.
419 2866 457 2926 et
480 2855 670 2926 hominum
696 2857 861 2942 ignarus,
882 2872 991 2942 quem
1019 2851 1132 2921 fidum

50 3035 51 3038 ,
159 2965 519 3077 »ptrtabaS‚1nalnm
552 2997 589 3058 et
613 2987 826 3057 mendacem
852 2994 1020 3076 expertus
1043 2969 1126 3053 eris.

160 3121 309 3206 »Quem
331 3122 369 3190 in
395 3139 536 3219 morem
562 3121 593 3190 si
618 3121 730 3190 fueris
748 3121 945 3209 saepissime
965 3120 1128 3211 (talesne,

156 3254 348 3324 »manime
376 3263 499 3324 antem
522 3255 567 3323 ab
593 3254 650 3324 his
678 3275 770 3344 quos
798 3255 866 3324 tibi
896 3252 1134 3324 amicissimos

155 3419 166 3447 n
189 3387 346 3456 ducebas
360 3388 398 3455 in
419 3388 583 3458 fraudem
600 3397 725 3476 raptus
743 3389 814 3456 eris
828 3443 836 3467 ,
852 3389 1054 3456 humanum
1072 3404 1132 3472 ge·

156 3551 168 3580 »
190 3539 258 3588 nus
277 3520 414 3602 oderis,
436 3541 554 3610 neque
568 3521 686 3590 ullum
697 3523 772 3610 jam
787 3539 975 3608 superesse
994 3519 1131 3588 bonum
1205 3603 1209 3622 Ι

153 3683 168 3716 ν
192 3654 376 3743 fidumque
397 3655 584 3724 hominem
609 3654 856 3750 affirmaveris.
876 3652 987 3743 cnjus
1009 3662 1131 3721 tamen
1216 3673 1217 3684 ¹

159 3819 171 3848 »
192 3786 260 3854 fuit
274 3787 378 3875 culpa
403 3786 474 3857 nisi
489 3787 568 3876 ejus
585 3787 702 3877 quise
718 3786 929 3856 horninibus
948 3785 1135 3855 miscuerit

155 3947 167 3980 n
188 3928 382 4007 antequam
396 3939 457 3990 eos
472 3928 715 4008 cognosceret.

203 4083 215 4114 »
239 4052 296 4124 Sic
311 4054 373 4124 ubi
388 4056 520 4146 aliquis
534 4035 773 4124 ratiocinandi
788 4073 913 4142 expers
927 4053 1052 4124 salsam
1067 4075 1133 4143 pro
