3042 4972
752 411 943 488 -ii—

364 617 501 706 aliquid
515 617 730 688 diversitatis
744 618 831 687 inse
847 617 1033 686 admittat:
1051 617 1119 686 nisi
1133 611 1253 690 nutem
1268 616 1336 686 hoc

363 739 582 821 concedatur
608 750 714 836 (licet
741 749 777 817 in
810 750 983 820 maximas
1007 743 1235 848 difficultates
1258 750 1336 820 haec

363 881 542 950 sententia
564 881 703 984 veniat,
720 901 792 971 qua
803 883 1006 970 pugnantia
1021 882 1118 951 inter
1133 901 1171 952 se
1193 891 1229 953 et
1244 900 1334 950 con-

363 1015 474 1092 traria
495 1024 652 1084 statuere
677 1014 888 1100 necessitate
912 1013 1115 1108 cogimur),
1141 1033 1208 1084 nec
1232 1033 1336 1105 posse

364 1147 549 1222 hominem
564 1201 574 1234 ¹,
601 1166 668 1218 nec
696 1155 877 1219 terrarum
906 1147 1060 1228 orbem,
1089 1167 1182 1230 nec,
1206 1157 1337 1237 preter

365 1277 500 1360 Deum,
522 1281 633 1384 uilem
652 1301 729 1382 rem
748 1288 811 1351 aut
823 1282 1078 1384 existere‚aut
1093 1292 1215 1354 mente
1235 1301 1337 1355 com-

362 1411 539 1502 prehendi
557 1410 621 1507 (t).
707 1445 710 1455 ·

413 1545 489 1615 Hoc
503 1547 617 1634 posito
633 1548 730 1636 quod
745 1549 911 1637 sequitur
923 1547 1116 1617 videndum
1130 1556 1206 1634 est;
1222 1548 1338 1618 Plato·

364 1697 448 1746 nem
475 1680 565 1750 adeo
595 1700 667 1751 non
693 1649 784 1768 fugit
810 1682 943 1752 multas
969 1682 1013 1750 de
1031 1681 1145 1769 ipsius
1162 1681 1339 1750 sententia

362 1811 605 1885 dubitationes
617 1815 766 1888 ,moveri
779 1833 905 1904 posse,
920 1823 962 1886 ut
975 1814 1152 1904 quidquid
1169 1814 1338 1884 adversus

365 1942 533 2018 tatarum
546 1944 749 2016 doctrinam
760 1945 1115 2045 objectumunqunm
1126 1945 1248 2028 fuerit,
1262 1945 1338 2034 ipse

365 2085 643 2164 praemonstrare
668 2079 798 2176 audent
815 2131 824 2160 ,
839 2085 888 2148 ‘et
911 2075 1162 2147 Parmenidem
1191 2076 1340 2146 inducat

365 2216 492 2276 cantra
507 2209 621 2298 ipsius
637 2209 768 2298 placita
788 2209 943 2296 graviter
959 2207 1203 2284 disserentem.
1262 2220 1266 2228 ’

415 2340 497 2410 Tria
518 2351 604 2412 sunt
623 2362 754 2429 genera
769 2340 1051 2422 dubitationem,
1068 2359 1176 2429 quas,
1196 2340 1241 2410 ab
1260 2341 1339 2430 ipso

367 2473 516 2544 Platone
548 2475 790 2561 excogitatas,
826 2474 951 2546 afferat
979 2472 1017 2543 in
1052 2471 1337 2564 disputationem

369 2605 626 2674 Parmenides:

414 2738 578 2808 Primum
595 2740 692 2808 enim
709 2740 747 2807 in
761 2719 931 2824 ambigue
945 2755 1028 2808 esse
1043 2756 1200 2826 quarum
1214 2756 1339 2807 rerum

368 2874 387 2945 1
389 2874 460 2941 cteae
472 2872 647 2960 ,ponendae
662 2873 736 2942 sint
748 2870 816 2964 (2),
828 2891 909 2960 quae
925 2872 1077 2962 qnaestio
1088 2873 1133 2940 nd
1150 2892 1212 2942 eos
1226 2882 1339 2941 trans·

366 3013 487 3086 vecta,
510 3006 576 3096 qni·
601 3023 733 3092 grecas
759 3003 897 3072 litteras
916 3004 1011 3092 apud
1047 3005 1265 3075 recentiores
1281 3003 1340 3072 in-

366 3145 592 3218 stauravere,
613 3138 756 3224 longam
777 3147 813 3206 ct
830 3137 1052 3225 pervicacem
1069 3137 1165 3208 inter
1178 3137 1339 3208 scietas*

366 3268 447 3338 ticos
463 3269 696 3357 philosophos
713 3267 997 3340 controversiam
1021 3269 1144 3338 movit.

414 3400 568 3500 Deinde,
587 3401 767 3470 incertum
790 3418 867 3470 esse
891 3420 1050 3490 quonam
1075 3403 1219 3474 vinculo
1245 3405 1339 3474 idea

396 3762 428 3828 (t)
444 3763 513 3812 eont.
530 3763 840 3823 rtat.‚1ntteput›ttc.‚ttn.
853 3761 898 3820 vt,
913 3762 962 3814 Vll.
977 3761 1051 3818 ibid,
1065 3762 1089 3807 in
1103 3761 1230 3820 memet,
1240 3762 1336 3821 passim.

364 3845 437 3903 tate,
446 3845 469 3890 iu
480 3843 590 3902 mittet..
603 3844 701 3904 passini.
712 3843 784 3895 laid„
795 3842 819 3888 ln
831 3842 948 3904 Sophist..
957 3843 1065 3902 passim,
1077 3847 1123 3888 etc.
1194 3883 1201 3898 ,

301 3946 310 3968 ο
396 3923 428 3986 (t)
444 3925 503 3972 Pin.
521 3923 691 3977 Parmeatd..
711 3936 735 3981 n.
751 3927 805 3979 130,
819 3921 919 3982 sqq.1)e
929 3919 990 3981 hoc,
1004 3920 1070 3970 nont.
1085 3921 1185 3971 Aristar.
1200 3920 1272 3982 (Met.
1290 3927 1335 3984 tt,

343 4054 344 4058 ,
363 4010 416 4062 titt,
428 4005 447 4062 i,
457 4009 495 4061 ³0,
507 4004 556 4060 VH,
569 4017 592 4062 p.
606 4001 669 4063 tan.)
683 4003 742 4050 ent.
754 4002 902 4064 (Repende,
914 4002 986 4061 Tim..
997 3999 1134 4066 thdon.)
1242 4044 1245 4058 ,
