3042 4972
778 532 968 609 ..pp-

404 713 448 780 ”ι
464 717 543 788 Dici
568 727 703 808 potest,
724 725 801 788 toto
821 717 923 788 verbi
943 737 1074 802 sensu,
1103 716 1362 806 absoluteque,

385 881 398 912 ε
416 850 507 920 nihil
524 871 602 921 esse
615 852 687 922 nisi
699 851 866 942 quaedam
883 871 956 922 una
974 852 1060 923 sint.
1081 882 1093 915 ι
1196 861 1199 871 “

436 1034 448 1066 «
469 1011 647 1079 Oinoussai
664 1007 827 1082 coiidddo
844 990 868 1077 εἰ
884 1011 1022 1095 εἴποιμεν,
1039 1007 1067 1076 ἓν
1081 1009 1104 1075 εἰ
1119 1009 1159 1096 μὴ
1177 1011 1266 1090 ἔστιν,
1282 1007 1363 1076 οὐδέν

383 1143 468 1225 ἐστιν,
486 1142 577 1233 ὀρθῶς
595 1147 631 1210 ἀν
650 1144 774 1232 εἴποιμεν
794 1133 869 1230 (1);
888 1165 901 1198 »

431 1269 500 1356 His¹
511 1284 631 1356 verbis
648 1285 752 1359 Plato
766 1285 886 1356 tertiae
900 1283 1066 1376 opinioni
1082 1283 1365 1355 considerationi

383 1416 494 1486 finem
510 1417 685 1508 imponit,
706 1437 818 1509 quam
837 1419 932 1489 sicut
943 1427 981 1488 et
995 1417 1097 1507 prius
1120 1417 1364 1489 Eleaticorum

382 1559 420 1620 et
437 1549 699 1638 Megaricorum
724 1552 838 1633 scito,
865 1549 1061 1622 absurdam
1089 1569 1167 1620 esse
1192 1569 1363 1639 compro·

382 1684 500 1754 bavit:

440 1833 650 1924 «Sequitur,
666 1832 737 1910 ait.
754 1832 885 1924 siquid
899 1853 1015 1904 uuum
1027 1843 1102 1917 est,
1117 1833 1215 1924 quod
1229 1851 1368 1904 unum-

385 1994 398 2028 »
417 1963 589 2055 quodque
604 1973 642 2034 et
659 1964 844 2036 diversum
866 1965 1023 2038 dicimus
1044 1970 1171 2036 omnes
1187 1966 1365 2038 existendi

384 2129 397 2161 a
417 2099 545 2169 modos
563 2099 745 2190 suscipere
765 2100 840 2172 sive
857 2108 1057 2190 utrumque
1072 2099 1111 2168 in
1129 2100 1247 2190 seipso
1265 2119 1366 2191 spec-

382 2265 395 2298 »
416 2245 487 2316 tes,
507 2235 583 2305 sive
599 2236 854 2306 alterumcum
879 2236 994 2304 altero
1010 2235 1198 2317 conseras3
1221 2234 1278 2305 sin
1297 2255 1365 2306 au-

382 2379 490 2439 »tem
513 2369 606 2438 nihil
626 2388 743 2454 unum
766 2379 822 2440 est
839 2377 1013 2438 neutrum
1036 2368 1243 2439 ullomodo
1270 2369 1364 2440 eris-

383 2533 396 2566 »
414 2501 516 2574 tendi
531 2502 712 2592 partioeps
727 2520 905 2585 necesse,
924 2521 992 2573 nec
1007 2503 1122 2574 videri
1139 2523 1254 2592 posse.
1272 2537 1284 2568 t

387 2715 398 2752 ,Λ
438 2661 596 2751 «Elpinice
617 2662 712 2730 τοίνυν
737 2663 821 2730 τοῦτό
842 2687 891 2738 τε,
917 2663 965 2727 καὶ
990 2666 1049 2738 ὅτι,
1068 2666 1107 2738 ὡς
1131 2663 1233 2743 εοῖκεν,
1262 2657 1362 2734 ἓνεῖτ’

383 2818 396 2851 ¹⁸
414 2797 502 2872 ἔστιν,
519 2796 573 2863 εἴτε
587 2799 627 2882 μὴ
641 2798 728 2872 ἔστιν,
741 2797 813 2862 αὐτό
831 2823 862 2862 τε
877 2798 926 2862 καὶ
942 2799 1056 2876 τᾶλλα,
1075 2795 1125 2864 καὶ
1137 2799 1208 2886 πρὸς
1223 2797 1301 2865 αὑτά
1313 2799 1362 2864 καὶ

318 2973 324 2992 s
383 2949 396 2982 s
412 2928 482 3022 πρὸς
494 2926 629 3002 ἄλληλα,
645 2933 742 2995 πάντα
757 2934 880 3008 πάντως
890 2928 948 2995 ἐστι
959 2954 990 2996 τε
1007 2929 1056 2995 καὶ
1073 2929 1125 2994 οὐκ
1142 2931 1218 3002 ἔστι,
1235 2929 1283 2995 καὶ
1299 2931 1364 3016 φαί-

341 3073 343 3080 ’
383 3059 492 3128 »νεταί
504 3085 534 3126 τε
549 3059 598 3126 καὶ
614 3059 646 3124 οὐ
664 3058 807 3147 φαίνεται.
827 3044 1018 3134 Α’λήθεστατα
1036 3052 1098 3142 (2).
1119 3083 1131 3116 s

429 3203 569 3292 ltaque,
585 3201 656 3270 nisi
671 3221 783 3290 quam
799 3201 838 3270 in
856 3201 1071 3272 Parmenide
1083 3203 1227 3275 elucere
1239 3201 1360 3292 dispo·

381 3335 550 3438 sitiouem
574 3334 827 3416 ostendemus,
842 3353 885 3404 ea
911 3355 931 3402 a
957 3335 1061 3406 nobis
1081 3336 1169 3424 ipsis
1185 3345 1361 3426 tanquam

380 3467 630 3538 commentitia
655 3465 794 3550 sabula,
825 3476 958 3538 temere
992 3468 1040 3538 sit
1069 3467 1152 3538 ficta
1177 3468 1361 3560 quomodo

381 3599 550 3672 contendi
569 3599 683 3688 possit
694 3599 883 3669 Platonem
900 3598 939 3669 in
957 3601 1025 3669 hac
1039 3599 1292 3690 disquisitione
1307 3603 1361 3673 lu-

378 3851 714 3866 ——n-—a--u-——u

412 4025 445 4088 (1)
463 4026 539 4080 Pisi,
556 4023 722 4083 Parmeut‘d.‚
740 4037 765 4084 p.
778 4029 832 4081 366,
850 4037 871 4072 c.

412 4106 445 4167 (i)
461 4105 534 4164 toto,
546 4117 571 4164 p.
585 4109 639 4163 ido,
652 4116 673 4153 o.
