3042 4972
586 439 778 514 *33-

228 641 551 734 ¹supervacaneum
571 654 869 733 est-praemonerc
895 645 1008 726 hunc,
1028 647 1073 717 de
1101 661 1193 737 qua,

196 799 294 850 nunc
320 788 461 865 agetur,
487 778 686 868 nopotem,
713 798 786 848 non
810 776 988 848 unitatem
1009 780 1173 855 obsolute

197 915 308 980 unuin
335 909 562 986 Parmenidis
596 885 695 994 esse,
727 911 901 1000 quoniam
930 911 989 980 hic
1026 913 1174 1001 ponitur
1254 956 1256 964 ‚

196 1044 294 1135 quod
306 1041 496 1132 multiplex
508 1041 594 1113 cum
606 1045 838 1133 ipsaunitate
849 1044 1099 1134 conjunctum.

244 1175 349 1262 Quod
374 1194 482 1252 unum
510 1176 659 1262 dicitur,
692 1177 900 1254 habendum
925 1179 980 1249 est
1005 1182 1113 1270 quale
1139 1179 1176 1268 id
1260 1225 1277 1260 2

196 1311 299 1380 Plato
323 1308 464 1381 definiit
489 1329 531 1379 ac
556 1311 865 1404 circumscripsit,
880 1311 1114 1401 'sliquumin
1138 1327 1176 1380 se

197 1442 446 1513 diversitatem
464 1419 669 1514 admittere.
718 1437 719 1442 ’

247 1579 314 1648 Hic
328 1587 451 1682 autem
464 1578 553 1648 duas
567 1578 766 1667 positiones
778 1579 958 1668 inspicere
976 1590 1040 1650 est.

246 1711 366 1811 Altera
382 1712 503 1802 enim,
518 1675 623 1802 *quod
643 1733 759 1784 unum
784 1679 858 1796 est,
879 1713 1049 1804 quodque
1064 1703 1179 1784 diver:-
1216 1733 1218 1738 ·

197 1849 307 1932 sum,
320 1864 393 1915 non
414 1845 558 1915 tuntum
574 1839 835 1927 una'existere‚
851 1845 914 1915 sed
934 1855 1062 1918 mutuo
1077 1857 1179 1915 cont-

199 1980 335 2050 mercio
349 1980 546 2074 conjungi,
563 1990 600 2050 et
617 1971 860 2083 commisceri.

121 2167 123 2177 .
246 2114 554 2199 Altera‚ommino
565 2114 747 2205 dispuncta
760 2122 870 2196 sture,
883 2112 980 2203 quod
991 2093 1215 2201 Megaricis

197 2249 410 2337 probatum,
425 2217 469 2318 ut
484 2245 744 2339 supradictum
760 2254 826 2316 est.
863 2277 864 2281 ¹
1035 2331 1036 2336 Ἰ

191 2355 195 2364 ’
244 2383 358 2451 Porro
384 2377 564 2472 priorem,
587 2399 669 2471 quae
691 2377 737 2450 ab
762 2375 841 2471 ipso
862 2351 1053 2471 probatur,
1079 2382 1179 2471 posi·
1276 2421 1277 2428 κ

196 2517 335 2585 tionem
360 2503 568 2585 considerat
594 2515 709 2584 Pluto.
741 2509 881 2601 Quaerit
905 2516 1025 2598 enim,
1056 2509 1179 2604 utip-
1219 2612 1221 2618 Ι

196 2650 271 2719 sius
295 2648 404 2740 verba
427 2668 628 2738 usurpem,
658 2647 748 2738 quid
773 2649 932 2736 patiatur
956 2650 1054 2737 quod
1081 2645 1179 2717 mul-

195 2753 306 2872 tipler
346 2781 523 2865 dicimus,
561 2780 745 2854 ubicum
785 2775 925 2860 unitate
966 2773 1178 2872 copulatum

196 2925 252 2987 est
285 2915 370 3010 (l).,
680 3009 682 3012 Ι
883 2895 886 2900 “
960 2997 962 3002 .

245 3048 350 3135 Quod
378 3048 482 3120 focile
514 3019 730 3138 pernoscere
758 3043 812 3117 est
843 3072 850 3119 :
891 3045 1018 3134 eodem
1038 3035 1175 3131 enim,

197 3179 296 3273 quod
324 3199 463 3263 unum,
488 3167 670 3272 ,quodque
699 3181 906 3264 diversum,
938 3190 1078 3252 mutata
1100 3179 1179 3252 vice

198 3314 394 3404 potientur.
413 3308 518 3400 Quod
536 3313 743 3401 multiplex,
761 3314 913 3385 unitatis
926 3315 1118 3404 particeps,
1140 3313 1178 3382 id

183 3460 253 3528 ‘est
273 3468 389 3522 unum
412 3449 569 3539 quadam
589 3467 631 3518 ex
655 3459 779 3539 purte,
800 3421 889 3530 vfiet;
916 3430 1116 3548 altrorsus,
1135 3461 1178 3517 et

197 3602 272 3652 uno
291 3579 481 3672 multiplex
504 3581 632 3672 quovis
661 3581 793 3666 modu,
820 3581 919 3673 quod
938 3559 1074 3664 unum,
1093 3593 1179 3650 evo·
1247 3647 1251 3660 ,

198 3715 270 3785 det.
305 3715 453 3786 Diversa
476 3713 651 3805 quae'quc,
676 3735 763 3814 unu
778 3725 815 3786 et
839 3716 1063 3803 multigena,
1089 3731 1176 3808 mo-

232 4053 265 4116 (1)
281 4055 357 4114 Plan,
369 4050 539 4111 Parmenid,
552 4063 576 4111 p.
590 4053 645 4110 158,
657 4063 689 4108 a,
700 4047 724 4108 d,
733 4062 757 4108 c,
769 4048 795 4097 d.

998 4133 1012 4182 3
