3042 4972
556 445 742 520 -29-

871 561 875 575 ί

10 639 12 782 ᾗ
210 628 331 728 Prima
346 653 458 743 igitur
474 667 494 722 a
511 651 726 723 Parmenide
747 651 963 742 proponitur
980 650 1133 723 Eleatica

10 785 11 794 '
161 791 208 861 de
227 807 352 860 rerum
369 795 497 858 natura
514 785 692 857 sententia
711 807 719 855 :
830 805 832 812 ·

211 899 316 1012 Quod
345 938 456 992 unum
481 928 553 1002 est,
585 918 748 990 absolute
769 925 805 989 et
827 919 978 990 omnino
997 938 1132 1005 unum,

109 1125 115 1136 ,
164 1056 334 1148 simplex,
355 1052 603 1136 individuum,
622 1051 714 1121 nihil
727 1051 922 1123 aliudinse
937 1053 1138 1142 quamuni-

165 1201 278 1264 tatem
294 1185 505 1268 admittere,
524 1183 713 1274 repudiata
730 1183 832 1254 omni
845 1183 1068 1267 diversitate3
1087 1185 1139 1256 ita

134 1298 139 1306 ’
167 1335 208 1399 ut
223 1322 315 1395 nihil
332 1319 380 1391 sit
392 1293 465 1410 quo
481 1317 671 1389 terminari
688 1326 752 1388 aut
765 1317 861 1388 liniri
877 1319 1002 1409 possit,
1018 1319 1139 1391 necin

77 1552 87 1563 .
166 1477 209 1529 eo
230 1455 277 1527 sit
293 1451 492 1545 quidquam
506 1459 637 1539 praeter
654 1445 772 1540 ipsum
791 1449 855 1545 (l).
922 1543 925 1548 ¹

85 1572 108 1666 l
214 1588 262 1659 lla
278 1595 333 1657 est
348 1582 602 1654 inenarrabilis
621 1580 728 1678 (nam
743 1582 854 1653 verbo
871 1583 1089 1655 terminetur
1105 1591 1143 1653 et

84 1780 89 1789 .
167 1713 357 1812 vanescat)
380 1715 514 1804 unitas,
529 1714 719 1804 primaque
730 1712 1053 1785 Alexandrinorum
1067 1715 1144 1805 phi·

167 1851 402 1943 losophorum
414 1847 630 1937 hypostasis,
646 1866 756 1937 quam
770 1864 837 1916 nec
851 1845 991 1932 dicere,
1006 1866 1074 1918 nec
1086 1867 1144 1918 ra·

168 1987 267 2058 tione
281 1949 587 2070 comprehendere
603 1980 656 2048 las
672 1979 729 2049 sit.
866 2029 868 2034 .

219 2119 334 2208 Quam
345 2116 515 2185 adversus
526 2085 719 2184 absurdam
732 2111 942 2202 opinionem
956 2113 1153 2185 multahie'

168 2253 352 2325 aPlatone
368 2246 573 2337 conscripta
588 2245 720 2317 evolvit
734 2244 979 2318 Parmenides

216 2381 434 2462 ostenditur>
447 2379 546 2470 quod
575 2377 739 2448 absolute
766 2395 882 2448 unum
907 2373 1143 2468 intelligunt,
1192 2384 1196 2390 “

170 2506 270 2590 nulla
290 2516 416 2589 aliare
435 2531 545 2604 quam
564 2512 704 2584 unitate
716 2513 794 2602 ipsa
811 2512 1069 2597 terminatum,
1089 2533 1146 2584 ra·

169 2649 279 2723 tionis
295 2645 493 2719 admodum
511 2663 637 2737 expers
653 2663 751 2726 esse;
773 2645 920 2714 sienim
938 2643 1088 2733 cogitari
1105 2643 1145 2712 id

169 2781 299 2865 velint,
317 2780 404 2850 hinc
420 2778 549 2862 saltem
566 2774 704 2867 aliquid
721 2789 863 2846 novum
875 2783 1008 2865 praeter
1023 2774 1145 2845 unita-

170 2925 245 2988 tem
260 2913 374 2986 tribui
390 2921 427 2985 et
440 2910 560 2982 addici
576 2927 724 2982 necesse
738 2919 813 2993 est,
831 2926 962 2998 nempe
975 2908 1070 2979 hane
1083 2927 1146 2979 ca-

171 3049 280 3122 dendi
297 3046 578 3118 inintellectum
595 3041 756 3115 hominis
777 3042 897 3112 datam
915 3040 1143 3126 facultatem,

171 3200 244 3273 qua
260 3179 391 3271 duplex
408 3186 450 3249 ut
464 3178 515 3248 ita
533 3177 653 3248 dicam
671 3186 708 3248 et
720 3176 963 3265 multigenum
985 3173 1027 3244 iit
1048 3175 1146 3265 quod

174 3331 292 3392 unum
307 3309 577 3400 significabatur
597 3313 610 3398 (
635 3308 659 3405 ).

220 3444 421 3520 Fatendum
436 3440 561 3532 igitur,
580 3440 708 3533 siquis
730 3439 932 3511 orationem
949 3458 1052 3510 suam
1077 3439 1145 3511 sibi

173 3587 339 3657 constare
363 3572 504 3656 studet,
531 3590 598 3643 nec
622 3555 752 3656 sensu,
775 3589 842 3642 nec
865 3570 1051 3662 opinione,
1078 3590 1147 3645 nec

206 3901 243 3954 (1)
260 3897 322 3947 erat.
334 3893 499 3954 Parmenid,
512 3905 536 3953 p.
551 3896 605 3940 lot.
617 3903 637 3945 c.
652 3891 678 3940 d.

207 3977 240 4042 (a)
256 3977 334 4035 ibid,
347 3987 373 4038 p.
385 3975 438 4032 1³0,
454 3973 480 4036 d,
491 3987 516 4035 p.
529 3975 584 4034 rto,
595 3984 621 4034 a,
634 3969 659 4019 b.
