3042 4972
543 545 630 584 .,
722 492 916 568 -lo-

336 710 420 804 tum
432 699 531 791 quod
549 681 599 768 ud¹
617 699 795 770 unitatem
811 699 928 770 sedet
947 699 1046 792 quod
1066 699 1111 769 od
1128 699 1316 790 multiplex

338 830 469 907 attinet
484 834 572 904 lalse
583 842 626 904 et
644 831 800 921 absurdo
818 842 1104 922 consequuntur.

387 966 492 1054 Quod
507 983 623 1044 unum
637 964 667 1034 si
679 973 818 1035 nonest
832 963 901 1059 (l),
915 984 982 1034 nec
995 965 1084 1049 erit,
1100 965 1315 1055 deoperire,

338 1117 405 1168 noc
433 1097 534 1167 nosci
564 1095 722 1186 poterit,
756 1116 825 1167 nec
859 1097 993 1167 mobile
1019 1085 1098 1167 'nee
1130 1097 1319 1180 immobile

340 1232 402 1310 liet
416 1231 490 1320 (2),
513 1248 580 1299 nec
597 1230 682 1312 ullis
698 1229 875 1304 existendi
892 1205 1009 1300 modis
1023 1229 1229 1313 delinietur,
1244 1230 1319 1300 sive

250 1461 253 1469 Ι
338 1364 376 1440 id
391 1365 429 1432 io
443 1363 560 1454 seipso
571 1362 857 1446 consideremus,
873 1362 946 1433 sive
961 1382 1045 1433 cum
1056 1364 1196 1433 caeteris
1209 1362 1319 1434 rebus

340 1499 562 1570 conferetur.
593 1497 677 1590 Eius
704 1495 816 1588 igitur
850 1516 968 1587 neque
997 1495 1172 1579 scientia,
1200 1515 1319 1587 oeque

285 1657 286 1668 ¹
341 1629 485 1721 opinio,
517 1645 636 1718 neque
665 1645 810 1711 sensus
841 1646 960 1719 neque
987 1627 1175 1710 delinitio,
1201 1647 1320 1719 neque

341 1782 476 1846 nomen
497 1761 578 1842 erit.

390 1896 486 1983 Quid
501 1915 588 1985 ergo
604 1896 681 1991 jam
700 1898 887 1986 superest?¹
907 1894 1004 1972 Nihil
1019 1894 1090 1968 nisi
1104 1891 1201 1985 quod
1223 1893 1322 1963 mul-

342 2002 464 2120 tiplex.
486 2026 564 2106 Hoc
583 2038 705 2108 eutem
729 2027 865 2117 absque
890 2028 1030 2098 unitate
1055 2047 1133 2102 esse
1163 2047 1236 2099 non
1256 2046 1323 2124 po·

341 2174 412 2241 test
433 2165 496 2255 (3).
1038 2261 1041 2270 ,

393 2305 745 2394 Forsamodspectu
769 2304 912 2394 primo,
938 2273 1134 2380 credideris
1156 2302 1194 2372 id
1218 2322 1322 2393 posse

344 2458 409 2528 per
425 2457 486 2521 se,
509 2439 647 2520 solum,
672 2439 845 2521 existere3
871 2456 1036 2527 quosque
1050 2493 1060 2524 ,χ
1084 2437 1217 2526 unitati
1233 2457 1323 2508 con-

339 2571 509 2664 junctum
534 2570 708 2642 existendi
736 2572 863 2646 modos
895 2571 1022 2642 habuit
1042 2572 1222 2642 obstructo
1244 2573 1324 2641 uni-

342 2714 416 2774 tale
436 2704 607 2774 retinere.

392 2838 527 2909 Verum
545 2838 576 2908 si
599 2814 809 2925 diligentius
827 2856 905 2908 rem
934 2837 1117 2922 attendes,
1145 2839 1176 2908 si
1200 2840 1324 2908 animo

348 2984 468 3044 tecum
485 2982 631 3061 reputes
649 2992 794 3042 necesse
817 2992 895 3042 esse
911 2973 1049 3062 aliquid
1070 2970 1192 3044 unum
1209 2985 1245 3045 et
1270 2976 1324 3046 in·
1359 3069 1361 3074 Ι

347 3104 534 3174 dividuum
552 3105 704 3174 existere
725 3114 766 3173 ut
782 3124 908 3174 omnes
922 3105 1055 3193 quibus
1071 3116 1212 3176 constet
1226 3107 1324 3197 quod

347 3235 535 3324 multiplex
552 3246 589 3310 et
604 3237 794 3310 diversum·
804 3237 960 3306 diximus
984 3247 1104 3326 perles
1124 3258 1206 3307 vere
1222 3239 1296 3308 sint
1313 3293 1322 3321 ,

347 3371 378 3450 si
396 3369 609 3457 cogitaveris
626 3371 766 3441 diverse
777 3392 940 3463 quaeque
958 3393 1000 3441 ex
1021 3373 1183 3462 partibus
1196 3374 1325 3444 indivi-

347 3503 429 3574 duis
447 3506 709 3593 coagmentari,
721 3515 800 3576 lum
813 3505 1017 3594 intelliges,
1036 3506 1175 3577 unitate
1192 3508 1322 3593 deleta,

379 3933 414 3996 (t)
434 3931 506 3990 Pleu,
518 3931 674 3992 Pormeold·
684 3968 692 3992 ,
703 3947 728 3995 u·
738 3940 782 3988 loll
793 3971 800 3994 ,
813 3947 843 3995 a,
853 3934 880 3990 l,

379 4011 414 4075 (²)
430 4013 512 4071 llud,
529 4016 623 4072 millu,
634 4027 660 4074 c,
673 4013 699 4064 d.

378 4088 415 4158 (3)
431 4091 509 4151 lud,
524 4103 548 4151 p.
562 4095 616 4146 165.
634 4104 660 4140 a.
