3042 4972
742 435 932 512 ..Μ-

473 637 522 684 Nec
533 638 579 686 dici
589 650 631 684 ore
643 643 737 694 potest,
754 643 834 684 nosue
847 641 890 684 net
903 642 983 682 moute
994 631 1081 684 rat-aivi

473 735 544 792 Quod
561 733 618 782 nihii
635 743 671 782 est
674 767 1079 784 .................

473 825 602 893 Nunquam
611 843 678 892 ergo,
689 841 730 881 aut
740 845 844 896 semper,
854 831 884 879 dc
893 842 942 892 (pto
954 843 1018 879 nunc
1026 833 1136 894 dicimus,
1147 843 1190 877 eos
1198 837 1245 889 esta

472 933 645 1000 iix-nihiloque
657 932 717 979 otiati
732 932 783 980 dari
800 931 918 980 sententia
933 938 1033 990 perstat.

473 1322 498 1370 Si
509 1323 568 1381 quid
582 1334 685 1381 namque
695 1322 777 1380 deest,
789 1334 852 1394 opus
864 1330 902 1370 est
912 1334 955 1372 ens
966 1334 1037 1372 omne
1048 1321 1131 1372 dm
1142 1322 1187 1380 (i).

398 1547 472 1616 Nec
493 1546 594 1628 licet,
618 1563 829 1636 quanquam
853 1564 895 1614 ex
916 1545 1078 1615 carmine
1098 1543 1196 1634 quod
1214 1545 1325 1634 scrip-
1387 1583 1392 1591 ·

350 1679 396 1746 sit
420 1679 463 1747 de
490 1661 616 1745 notura
645 1641 861 1766 paucissima
891 1663 1093 1764 fragmenta
1122 1676 1324 1768 supersint,

350 1811 429 1901 ejus
449 1811 580 1904 placita
600 1811 808 1882 indubium
832 1811 973 1893 venire,
998 1818 1146 1900 propter
1163 1811 1329 1881 testimo·
1390 1904 1399 1912 ἢ

351 1943 496 2014 niorum
531 1943 804 2027 auctoritatem,
839 1962 942 2032 quae‚
975 1963 995 2010 a
1027 1942 1176 2013 Platone
1211 1943 1265 2038 (2)
1292 1951 1329 2012 et

351 2077 541 2149 Aristotele
559 2077 623 2172 (ὃ),
652 2073 803 2168 aliisque
827 2076 1066 2166 scriptoribus
1088 2085 1234 2168 accepta
1258 2075 1326 2172 (it),

352 2189 545 2281 Eleaticam
563 2210 768 2281 doctrinam
787 2209 1011 2280 collustrant.

399 2343 562 2428 Scilicet,
581 2343 693 2424 nihil,
716 2343 786 2413 nisi
804 2342 902 2432 quod
921 2361 1036 2411 unum
1061 2343 1253 2413 admodum
1273 2352 1330 2410 at-

350 2497 422 2568 que
442 2478 626 2565 integrum
650 2485 725 2558 est,
747 2476 923 2558 existere3
944 2475 1043 2566 ¹quod
1061 2487 1184 2548 autem
1200 2451 1328 2576 multi-

351 2612 450 2703 plau,
481 2628 713 2699 nequaquam
745 2587 810 2682 uec
841 2610 958 2686 ulium
984 2609 1024 2678 in
1049 2609 1202 2713 modum
1225 2629 1326 2698 esse,

351 2752 476 2837 utpote
489 2741 629 2814 umbrae
647 2743 784 2825 simile,
801 2754 911 2833 atque
923 2744 1024 2812 inani
1046 2744 1253 2817 simulacro.

401 2874 501 2946 Unde
519 2876 624 2947 facile
640 2875 781 2967 percipi
801 2883 918 2966 potest
937 2874 1192 2949 Parmenidem
1205 2893 1247 2946 ac
1267 2875 1329 2947 Ze-

353 3029 485 3100 nonem
504 2979 669 3106 Physicis
689 3008 870 3100 praecipue
892 3008 1097 3080 adversatos
1114 2987 1222 3092 esse(
1236 3027 1329 3100 quo-

353 3162 436 3212 rum
461 3141 665 3212 doctrinam
691 3148 853 3212 avertere
878 3141 1022 3240 uellent.
1051 3140 1211 3230 Negabat
1230 3138 1329 3212 enim

355 3273 559 3344 Heraclitus
569 3313 582 3357 ‚J
602 3261 741 3363 praeter
754 3294 799 3344 ea
824 3293 905 3362 quae
927 3283 1129 3344 cernuntur
1154 3245 1269 3345 oculis
1288 3241 1329 3342 'et

351 3519 459 3530 ..ψ-..-

386 3699 419 3762 (t)
434 3701 543 3748 Bessado
558 3699 733 3749 hosvsrsaseu
745 3711 822 3760 graeco
840 3702 864 3747 in
881 3701 981 3748 latinum
994 3701 1063 3748 vertit
1084 3700 1152 3762 (adv.
1172 3699 1266 3752 Platon.
1285 3702 1329 3751 Ga·

355 3781 482 3838 lumn.11‚
496 3779 546 3842 11).

389 3858 421 3920 (r)
441 3860 502 3906 Ptat.
516 3860 755 3921 (Sophist'iheaetct.
769 3862 886 3920 Euthyd.)

388 3938 423 3999 (3)
440 3940 539 3986 aristot.
550 3940 667 3998 (Metapa.
677 3941 771 4000 puysie
783 3939 880 3988 dienen.
891 3939 1008 4000 Sopitist.)

388 4016 420 4076 (t)
438 4017 524 4064 Plotio.
535 4016 661 4078 (Enpcad.)
675 4019 773 4066 Procius
782 4020 873 4080 [Theoi.
885 4020 978 4067 Platon.
990 4018 1181 4080 interuentu).
