<?xml version="1.0" encoding="UTF-8"?>
<!DOCTYPE html PUBLIC "-//W3C//DTD XHTML 1.0 Transitional//EN"
    "http://www.w3.org/TR/xhtml1/DTD/xhtml1-transitional.dtd">
<html xmlns="http://www.w3.org/1999/xhtml" xml:lang="en" lang="en">
 <head>
  <title>
</title>
<meta http-equiv="Content-Type" content="text/html;charset=utf-8" />
  <meta name='ocr-system' content='tesseract 3.04.00' />
  <meta name='ocr-capabilities' content='ocr_page ocr_carea ocr_par ocr_line ocrx_word'/>
</head>
<body>
  <div class='ocr_page' id='page_1' title='image "./deparmenideplat00hatzgoog_0024.png"; bbox 0 0 3042 4972; ppageno 0'>
   <div class='ocr_carea' id='block_1_1' title="bbox 581 469 770 538">
    <p class='ocr_par' dir='ltr' id='par_1_1' title="bbox 581 469 770 538">
     <span class='ocr_line' id='line_1_1' title="bbox 581 469 770 538; baseline 0.021 -19"><span class='ocrx_word' id='word_1_1' title='bbox 581 469 770 538; x_wconf 41' lang='grc' dir='ltr'>...Ν-ὴ</span> 
     </span>
    </p>
   </div>
   <div class='ocr_carea' id='block_1_2' title="bbox 156 661 1267 2749">
    <p class='ocr_par' dir='ltr' id='par_1_2' title="bbox 156 661 1171 1159">
     <span class='ocr_line' id='line_1_2' title="bbox 156 661 1166 758; baseline 0.003 -23"><span class='ocrx_word' id='word_1_2' title='bbox 156 718 159 734; x_wconf 89' lang='grc'><strong>.</strong></span> <span class='ocrx_word' id='word_1_3' title='bbox 195 663 290 738; x_wconf 78' lang='lat' dir='ltr'><strong>hone</strong></span> <span class='ocrx_word' id='word_1_4' title='bbox 304 663 514 758; x_wconf 88' lang='lat' dir='ltr'><strong>opinionem</strong></span> <span class='ocrx_word' id='word_1_5' title='bbox 524 661 711 740; x_wconf 74' lang='lat' dir='ltr'><strong>dialectice</strong></span> <span class='ocrx_word' id='word_1_6' title='bbox 724 669 868 758; x_wconf 78' lang='lat' dir='ltr'><strong>forsan,</strong></span> <span class='ocrx_word' id='word_1_7' title='bbox 890 686 963 738; x_wconf 90' lang='lat' dir='ltr'><strong>non</strong></span> <span class='ocrx_word' id='word_1_8' title='bbox 975 679 1014 738; x_wconf 83' lang='lat' dir='ltr'><strong>re</strong></span> <span class='ocrx_word' id='word_1_9' title='bbox 1023 668 1166 738; x_wconf 71' lang='lat' dir='ltr'><strong>errario</strong></span> 
     </span>
     <span class='ocr_line' id='line_1_3' title="bbox 196 799 1169 893; baseline 0 -24"><span class='ocrx_word' id='word_1_10' title='bbox 196 820 318 872; x_wconf 82' lang='lat' dir='ltr'><strong>veram</strong></span> <span class='ocrx_word' id='word_1_11' title='bbox 333 811 441 872; x_wconf 86' lang='lat' dir='ltr'><strong>stare.</strong></span> <span class='ocrx_word' id='word_1_12' title='bbox 460 801 548 890; x_wconf 84' lang='lat' dir='ltr'><strong>Quae</strong></span> <span class='ocrx_word' id='word_1_13' title='bbox 562 820 678 892; x_wconf 88' lang='lat' dir='ltr'><strong>quum</strong></span> <span class='ocrx_word' id='word_1_14' title='bbox 693 801 882 888; x_wconf 82' lang='lat' dir='ltr'><strong>magnifice</strong></span> <span class='ocrx_word' id='word_1_15' title='bbox 896 801 1013 893; x_wconf 76' lang='lat' dir='ltr'><strong>primo</strong></span> <span class='ocrx_word' id='word_1_16' title='bbox 1026 799 1101 878; x_wconf 89' lang='lat' dir='ltr'><strong>dici</strong></span> <span class='ocrx_word' id='word_1_17' title='bbox 1115 801 1169 869; x_wconf 92' lang='lat' dir='ltr'><strong>vi-</strong></span> 
     </span>
     <span class='ocr_line' id='line_1_4' title="bbox 194 911 1171 1036; baseline -0.002 -30"><span class='ocrx_word' id='word_1_18' title='bbox 194 936 336 1020; x_wconf 82' lang='lat' dir='ltr'><strong>dentur,</strong></span> <span class='ocrx_word' id='word_1_19' title='bbox 366 955 461 1026; x_wconf 70' lang='lat' dir='ltr'><strong>«quc</strong></span> <span class='ocrx_word' id='word_1_20' title='bbox 474 911 650 1024; x_wconf 71' lang='lat' dir='ltr'><strong>consorti,</strong></span> <span class='ocrx_word' id='word_1_21' title='bbox 665 955 733 1036; x_wconf 75' lang='lat' dir='ltr'><strong>pro</strong></span> <span class='ocrx_word' id='word_1_22' title='bbox 746 935 983 1017; x_wconf 65' lang='lat' dir='ltr'><strong>nihiiocssw</strong></span> <span class='ocrx_word' id='word_1_23' title='bbox 1006 913 1171 1006; x_wconf 83' lang='lat' dir='ltr'><strong>conside-</strong></span> 
     </span>
     <span class='ocr_line' id='line_1_5' title="bbox 197 1035 925 1159; baseline 0 -23"><span class='ocrx_word' id='word_1_24' title='bbox 197 1076 275 1136; x_wconf 83' lang='lat' dir='ltr'><strong>raia</strong></span> <span class='ocrx_word' id='word_1_25' title='bbox 292 1067 413 1146; x_wconf 86' lang='lat' dir='ltr'><strong>minus</strong></span> <span class='ocrx_word' id='word_1_26' title='bbox 432 1068 617 1159; x_wconf 74' lang='lat' dir='ltr'><strong>probetur.</strong></span> <span class='ocrx_word' id='word_1_27' title='bbox 920 1035 925 1046; x_wconf 47' lang='grc'><strong>’</strong></span> 
     </span>
    </p>

    <p class='ocr_par' dir='ltr' id='par_1_3' title="bbox 199 1204 1267 2374">
     <span class='ocr_line' id='line_1_6' title="bbox 247 1204 1171 1306; baseline 0.009 -32"><span class='ocrx_word' id='word_1_28' title='bbox 247 1204 383 1278; x_wconf 83' lang='lat' dir='ltr'><strong>Natura</strong></span> <span class='ocrx_word' id='word_1_29' title='bbox 399 1207 497 1279; x_wconf 87' lang='lat' dir='ltr'><strong>enim</strong></span> <span class='ocrx_word' id='word_1_30' title='bbox 510 1225 653 1290; x_wconf 86' lang='lat' dir='ltr'><strong>rernm,</strong></span> <span class='ocrx_word' id='word_1_31' title='bbox 672 1216 781 1306; x_wconf 71' lang='lat' dir='ltr'><strong>nique</strong></span> <span class='ocrx_word' id='word_1_32' title='bbox 793 1205 871 1296; x_wconf 87' lang='lat' dir='ltr'><strong>ipso</strong></span> <span class='ocrx_word' id='word_1_33' title='bbox 884 1207 1015 1278; x_wconf 76' lang='lat' dir='ltr'><strong>cismai</strong></span> <span class='ocrx_word' id='word_1_34' title='bbox 1028 1205 1171 1288; x_wconf 76' lang='lat' dir='ltr'><strong>veritas,</strong></span> 
     </span>
     <span class='ocr_line' id='line_1_7' title="bbox 199 1323 1177 1444; baseline 0.002 -38"><span class='ocrx_word' id='word_1_35' title='bbox 199 1337 358 1444; x_wconf 83' lang='lat' dir='ltr'><strong>quodam</strong></span> <span class='ocrx_word' id='word_1_36' title='bbox 382 1342 490 1412; x_wconf 91' lang='lat' dir='ltr'><strong>modo</strong></span> <span class='ocrx_word' id='word_1_37' title='bbox 514 1361 587 1412; x_wconf 89' lang='lat' dir='ltr'><strong>non</strong></span> <span class='ocrx_word' id='word_1_38' title='bbox 616 1360 719 1430; x_wconf 91' lang='lat' dir='ltr'><strong>posse</strong></span> <span class='ocrx_word' id='word_1_39' title='bbox 740 1341 870 1412; x_wconf 83' lang='lat' dir='ltr'>adduci</span> <span class='ocrx_word' id='word_1_40' title='bbox 895 1351 958 1423; x_wconf 81' lang='lat' dir='ltr'><strong>ut,</strong></span> <span class='ocrx_word' id='word_1_41' title='bbox 987 1323 1177 1432; x_wconf 63' lang='lat' dir='ltr'><strong>oraeterid</strong></span> 
     </span>
     <span class='ocr_line' id='line_1_8' title="bbox 200 1470 1182 1563; baseline 0.004 -21"><span class='ocrx_word' id='word_1_42' title='bbox 200 1472 299 1562; x_wconf 87' lang='lat' dir='ltr'><strong>qnod</strong></span> <span class='ocrx_word' id='word_1_43' title='bbox 320 1488 362 1544; x_wconf 83' lang='lat' dir='ltr'><strong>cx</strong></span> <span class='ocrx_word' id='word_1_44' title='bbox 387 1475 488 1546; x_wconf 88' lang='lat' dir='ltr'><strong>omni</strong></span> <span class='ocrx_word' id='word_1_45' title='bbox 511 1484 613 1563; x_wconf 82' lang='lat' dir='ltr'><strong>porte</strong></span> <span class='ocrx_word' id='word_1_46' title='bbox 636 1470 943 1545; x_wconf 78' lang='lat' dir='ltr'><strong>absolutissimum</strong></span> <span class='ocrx_word' id='word_1_47' title='bbox 973 1485 1051 1556; x_wconf 73' lang='lat' dir='ltr'><strong>est,</strong></span> <span class='ocrx_word' id='word_1_48' title='bbox 1087 1472 1182 1546; x_wconf 88' lang='lat' dir='ltr'><strong>nihii</strong></span> 
     </span>
     <span class='ocr_line' id='line_1_9' title="bbox 203 1593 1180 1708; baseline 0 -34"><span class='ocrx_word' id='word_1_49' title='bbox 203 1606 388 1695; x_wconf 86' lang='lat' dir='ltr'><strong>reliquum</strong></span> <span class='ocrx_word' id='word_1_50' title='bbox 405 1607 570 1697; x_wconf 85' lang='lat' dir='ltr'><strong>supersit.</strong></span> <span class='ocrx_word' id='word_1_51' title='bbox 590 1606 634 1678; x_wconf 81' lang='lat' dir='ltr'><strong>At</strong></span> <span class='ocrx_word' id='word_1_52' title='bbox 650 1607 720 1676; x_wconf 87' lang='lat' dir='ltr'><strong>nisi</strong></span> <span class='ocrx_word' id='word_1_53' title='bbox 736 1606 837 1678; x_wconf 82' lang='lat' dir='ltr'><strong>fictas</strong></span> <span class='ocrx_word' id='word_1_54' title='bbox 850 1613 890 1678; x_wconf 80' lang='lat' dir='ltr'><strong>et&#39;</strong></span> <span class='ocrx_word' id='word_1_55' title='bbox 901 1593 1028 1678; x_wconf 82' lang='lat' dir='ltr'><strong>inanes</strong></span> <span class='ocrx_word' id='word_1_56' title='bbox 1043 1605 1180 1708; x_wconf 75' lang='lat' dir='ltr'><strong>species</strong></span> 
     </span>
     <span class='ocr_line' id='line_1_10' title="bbox 205 1739 1182 1830; baseline 0 -23"><span class='ocrx_word' id='word_1_57' title='bbox 205 1739 457 1828; x_wconf 82' lang='lat' dir='ltr'><strong>persequeris,</strong></span> <span class='ocrx_word' id='word_1_58' title='bbox 480 1749 672 1829; x_wconf 79' lang='lat' dir='ltr'><strong>postquem</strong></span> <span class='ocrx_word' id='word_1_59' title='bbox 689 1759 767 1809; x_wconf 87' lang='lat' dir='ltr'><strong>esse</strong></span> <span class='ocrx_word' id='word_1_60' title='bbox 788 1741 975 1827; x_wconf 82' lang='lat' dir='ltr'><strong>agnoveris</strong></span> <span class='ocrx_word' id='word_1_61' title='bbox 993 1751 1029 1810; x_wconf 85' lang='lat' dir='ltr'><strong>et</strong></span> <span class='ocrx_word' id='word_1_62' title='bbox 1048 1741 1182 1830; x_wconf 52' lang='lat' dir='ltr'><strong>perfec*</strong></span> 
     </span>
     <span class='ocr_line' id='line_1_11' title="bbox 206 1842 1267 1962; baseline -0.002 -23"><span class='ocrx_word' id='word_1_63' title='bbox 206 1869 345 1940; x_wconf 81' lang='lat' dir='ltr'><strong>tissima</strong></span> <span class='ocrx_word' id='word_1_64' title='bbox 364 1869 436 1939; x_wconf 84' lang='lat' dir='ltr'><strong>vita</strong></span> <span class='ocrx_word' id='word_1_65' title='bbox 452 1869 570 1939; x_wconf 90' lang='lat' dir='ltr'><strong>vivere</strong></span> <span class='ocrx_word' id='word_1_66' title='bbox 583 1871 685 1959; x_wconf 84' lang='lat' dir='ltr'><strong>quod</strong></span> <span class='ocrx_word' id='word_1_67' title='bbox 710 1842 915 1962; x_wconf 77' lang='lat' dir='ltr'><strong>simplexcc</strong></span> <span class='ocrx_word' id='word_1_68' title='bbox 934 1888 1049 1940; x_wconf 89' lang='lat' dir='ltr'><strong>unum</strong></span> <span class='ocrx_word' id='word_1_69' title='bbox 1068 1880 1104 1939; x_wconf 85' lang='lat' dir='ltr'><strong>et</strong></span> <span class='ocrx_word' id='word_1_70' title='bbox 1122 1868 1181 1938; x_wconf 72' lang='lat' dir='ltr'><strong>eb-</strong></span> <span class='ocrx_word' id='word_1_71' title='bbox 1255 1931 1267 1958; x_wconf 82' lang='grc'><strong>,</strong></span> 
     </span>
     <span class='ocr_line' id='line_1_12' title="bbox 207 2001 1179 2090; baseline 0.001 -18"><span class='ocrx_word' id='word_1_72' title='bbox 207 2003 367 2074; x_wconf 90' lang='lat' dir='ltr'><strong>solutum</strong></span> <span class='ocrx_word' id='word_1_73' title='bbox 389 2011 468 2085; x_wconf 84' lang='lat' dir='ltr'><strong>est,</strong></span> <span class='ocrx_word' id='word_1_74' title='bbox 487 2019 548 2071; x_wconf 91' lang='lat' dir='ltr'><strong>res</strong></span> <span class='ocrx_word' id='word_1_75' title='bbox 560 2011 682 2072; x_wconf 85' lang='lat' dir='ltr'><strong>tamen</strong></span> <span class='ocrx_word' id='word_1_76' title='bbox 695 2003 788 2090; x_wconf 83' lang='lat' dir='ltr'><strong>infra</strong></span> <span class='ocrx_word' id='word_1_77' title='bbox 801 2004 918 2074; x_wconf 88' lang='lat' dir='ltr'><strong>Deum</strong></span> <span class='ocrx_word' id='word_1_78' title='bbox 936 2004 1049 2086; x_wconf 85' lang='lat' dir='ltr'><strong>aiios,</strong></span> <span class='ocrx_word' id='word_1_79' title='bbox 1066 2001 1179 2073; x_wconf 81' lang='lat' dir='ltr'><strong>olium</strong></span> 
     </span>
     <span class='ocr_line' id='line_1_13' title="bbox 208 2134 1185 2232; baseline 0 -29"><span class='ocrx_word' id='word_1_80' title='bbox 208 2135 248 2203; x_wconf 92' lang='lat' dir='ltr'><strong>in</strong></span> <span class='ocrx_word' id='word_1_81' title='bbox 266 2135 415 2204; x_wconf 83' lang='lat' dir='ltr'><strong>modurn</strong></span> <span class='ocrx_word' id='word_1_82' title='bbox 433 2135 608 2206; x_wconf 84' lang='lat' dir='ltr'><strong>existendi</strong></span> <span class='ocrx_word' id='word_1_83' title='bbox 626 2135 821 2232; x_wconf 76' lang='lat' dir='ltr'><strong>participes</strong></span> <span class='ocrx_word' id='word_1_84' title='bbox 840 2137 918 2208; x_wconf 84' lang='lat' dir='ltr'><strong>esse</strong></span> <span class='ocrx_word' id='word_1_85' title='bbox 933 2134 1119 2218; x_wconf 83' lang='lat' dir='ltr'><strong>dicemus,</strong></span> <span class='ocrx_word' id='word_1_86' title='bbox 1148 2143 1185 2204; x_wconf 91' lang='lat' dir='ltr'><strong>et</strong></span> 
     </span>
     <span class='ocr_line' id='line_1_14' title="bbox 209 2266 1180 2374; baseline -0.002 -35"><span class='ocrx_word' id='word_1_87' title='bbox 209 2268 355 2359; x_wconf 87' lang='lat' dir='ltr'><strong>proprie</strong></span> <span class='ocrx_word' id='word_1_88' title='bbox 367 2270 516 2354; x_wconf 79' lang='lat' dir='ltr'><strong>saltem,</strong></span> <span class='ocrx_word' id='word_1_89' title='bbox 529 2269 560 2339; x_wconf 92' lang='lat' dir='ltr'><strong>si</strong></span> <span class='ocrx_word' id='word_1_90' title='bbox 575 2270 696 2340; x_wconf 91' lang='lat' dir='ltr'><strong>minus</strong></span> <span class='ocrx_word' id='word_1_91' title='bbox 712 2266 1180 2374; x_wconf 79' lang='lat' dir='ltr'><strong>pe1·iecta‚viievivere(i).</strong></span> 
     </span>
    </p>

    <p class='ocr_par' dir='ltr' id='par_1_4' title="bbox 211 2411 1221 2749">
     <span class='ocr_line' id='line_1_15' title="bbox 258 2411 1221 2504; baseline 0.002 -24"><span class='ocrx_word' id='word_1_92' title='bbox 258 2411 364 2481; x_wconf 87' lang='lat' dir='ltr'><strong>Hisce</strong></span> <span class='ocrx_word' id='word_1_93' title='bbox 381 2411 493 2500; x_wconf 84' lang='lat' dir='ltr'><strong>igitur</strong></span> <span class='ocrx_word' id='word_1_94' title='bbox 512 2413 632 2484; x_wconf 87' lang='lat' dir='ltr'><strong>verbis</strong></span> <span class='ocrx_word' id='word_1_95' title='bbox 652 2414 780 2496; x_wconf 82' lang='lat' dir='ltr'><strong>Plato,</strong></span> <span class='ocrx_word' id='word_1_96' title='bbox 807 2431 888 2504; x_wconf 87' lang='lat' dir='ltr'><strong>quae</strong></span> <span class='ocrx_word' id='word_1_97' title='bbox 913 2411 1119 2484; x_wconf 88' lang='lat' dir='ltr'><strong>meminisse</strong></span> <span class='ocrx_word' id='word_1_98' title='bbox 1146 2413 1184 2495; x_wconf 87' lang='lat' dir='ltr'><strong>in</strong></span> <span class='ocrx_word' id='word_1_99' title='bbox 1218 2427 1221 2434; x_wconf 82' lang='lat'>&#39;</span> 
     </span>
     <span class='ocr_line' id='line_1_16' title="bbox 211 2539 1185 2635; baseline 0.002 -23"><span class='ocrx_word' id='word_1_100' title='bbox 211 2539 424 2615; x_wconf 84' lang='lat' dir='ltr'><strong>Parmenidc</strong></span> <span class='ocrx_word' id='word_1_101' title='bbox 460 2544 685 2635; x_wconf 87' lang='lat' dir='ltr'><strong>inspiciendo</strong></span> <span class='ocrx_word' id='word_1_102' title='bbox 721 2546 820 2628; x_wconf 83' lang='lat' dir='ltr'><strong>erit,</strong></span> <span class='ocrx_word' id='word_1_103' title='bbox 860 2546 956 2635; x_wconf 86' lang='lat' dir='ltr'><strong>opud</strong></span> <span class='ocrx_word' id='word_1_104' title='bbox 988 2544 1185 2634; x_wconf 83' lang='lat' dir='ltr'><strong>sophistam</strong></span> 
     </span>
     <span class='ocr_line' id='line_1_17' title="bbox 211 2677 404 2749; baseline -0.016 0"><span class='ocrx_word' id='word_1_105' title='bbox 211 2677 404 2749; x_wconf 86' lang='lat' dir='ltr'><strong>concludit.</strong></span> 
     </span>
    </p>
   </div>
   <div class='ocr_carea' id='block_1_3' title="bbox 217 2793 1193 3703">
    <p class='ocr_par' dir='ltr' id='par_1_5' title="bbox 217 2793 1193 3703">
     <span class='ocr_line' id='line_1_18' title="bbox 267 2793 1183 2910; baseline -0.002 -22"><span class='ocrx_word' id='word_1_106' title='bbox 267 2817 397 2906; x_wconf 77' lang='lat' dir='ltr'><strong>«Quod</strong></span> <span class='ocrx_word' id='word_1_107' title='bbox 409 2793 574 2909; x_wconf 67' lang='lat' dir='ltr'><strong>sequitur</strong></span> <span class='ocrx_word' id='word_1_108' title='bbox 593 2820 786 2910; x_wconf 88' lang='lat' dir='ltr'><strong>pulchrum</strong></span> <span class='ocrx_word' id='word_1_109' title='bbox 801 2838 883 2889; x_wconf 89' lang='lat' dir='ltr'><strong>vere</strong></span> <span class='ocrx_word' id='word_1_110' title='bbox 897 2839 938 2888; x_wconf 87' lang='lat' dir='ltr'><strong>nc</strong></span> <span class='ocrx_word' id='word_1_111' title='bbox 949 2818 1096 2889; x_wconf 87' lang='lat' dir='ltr'><strong>difficile</strong></span> <span class='ocrx_word' id='word_1_112' title='bbox 1111 2827 1183 2889; x_wconf 69' lang='lat' dir='ltr'><strong>ests</strong></span> 
     </span>
     <span class='ocr_line' id='line_1_19' title="bbox 221 2951 1188 3044; baseline -0.002 -22"><span class='ocrx_word' id='word_1_113' title='bbox 221 2951 386 3044; x_wconf 75' lang='lat' dir='ltr'><strong>»coeteris</strong></span> <span class='ocrx_word' id='word_1_114' title='bbox 409 2951 569 3036; x_wconf 59' lang='lat' dir='ltr'><strong>omissis</strong></span> <span class='ocrx_word' id='word_1_115' title='bbox 593 2953 697 3042; x_wconf 81' lang='lat' dir='ltr'><strong>sequi</strong></span> <span class='ocrx_word' id='word_1_116' title='bbox 722 2971 825 3042; x_wconf 86' lang='lat' dir='ltr'><strong>posse</strong></span> <span class='ocrx_word' id='word_1_117' title='bbox 851 2961 888 3021; x_wconf 89' lang='lat' dir='ltr'><strong>et</strong></span> <span class='ocrx_word' id='word_1_118' title='bbox 915 2952 1102 3022; x_wconf 71' lang='lat' dir='ltr'><strong>coniecere</strong></span> <span class='ocrx_word' id='word_1_119' title='bbox 1126 2970 1188 3020; x_wconf 89' lang='lat' dir='ltr'><strong>eos</strong></span> 
     </span>
     <span class='ocr_line' id='line_1_20' title="bbox 217 3055 1189 3176; baseline 0.005 -28"><span class='ocrx_word' id='word_1_120' title='bbox 217 3111 229 3148; x_wconf 65' lang='lat'><em>2</em></span> <span class='ocrx_word' id='word_1_121' title='bbox 246 3084 310 3174; x_wconf 93' lang='lat' dir='ltr'><strong>qoi</strong></span> <span class='ocrx_word' id='word_1_122' title='bbox 329 3069 557 3156; x_wconf 82' lang='lat' dir='ltr'><strong>contendunt¹</strong></span> <span class='ocrx_word' id='word_1_123' title='bbox 572 3085 668 3176; x_wconf 90' lang='lat' dir='ltr'><strong>quod</strong></span> <span class='ocrx_word' id='word_1_124' title='bbox 686 3055 869 3156; x_wconf 82' lang='lat' dir='ltr'><strong>diversurn</strong></span> <span class='ocrx_word' id='word_1_125' title='bbox 889 3106 930 3156; x_wconf 84' lang='lat' dir='ltr'><strong>ec</strong></span> <span class='ocrx_word' id='word_1_126' title='bbox 947 3085 1120 3155; x_wconf 78' lang='lat' dir='ltr'><strong>mutabile</strong></span> <span class='ocrx_word' id='word_1_127' title='bbox 1137 3084 1189 3153; x_wconf 91' lang='lat' dir='ltr'><strong>di-</strong></span> 
     </span>
     <span class='ocr_line' id='line_1_21' title="bbox 219 3216 1190 3308; baseline 0.001 -22"><span class='ocrx_word' id='word_1_128' title='bbox 219 3216 365 3288; x_wconf 80' lang='lat' dir='ltr'><strong>·cimus</strong></span> <span class='ocrx_word' id='word_1_129' title='bbox 383 3237 499 3289; x_wconf 90' lang='lat' dir='ltr'><strong>unum</strong></span> <span class='ocrx_word' id='word_1_130' title='bbox 523 3227 775 3308; x_wconf 76' lang='lat' dir='ltr'><strong>inmensique</strong></span> <span class='ocrx_word' id='word_1_131' title='bbox 799 3219 897 3289; x_wconf 86' lang='lat' dir='ltr'><strong>idem·</strong></span> <span class='ocrx_word' id='word_1_132' title='bbox 922 3239 964 3289; x_wconf 87' lang='lat' dir='ltr'><strong>ec</strong></span> <span class='ocrx_word' id='word_1_133' title='bbox 988 3219 1045 3288; x_wconf 89' lang='lat' dir='ltr'><strong>sui</strong></span> <span class='ocrx_word' id='word_1_134' title='bbox 1072 3219 1190 3289; x_wconf 87' lang='lat' dir='ltr'><strong>simile</strong></span> 
     </span>
     <span class='ocr_line' id='line_1_22' title="bbox 219 3349 1191 3441; baseline 0.007 -28"><span class='ocrx_word' id='word_1_135' title='bbox 219 3380 232 3413; x_wconf 74' lang='grc' dir='ltr'><strong>ι</strong></span> <span class='ocrx_word' id='word_1_136' title='bbox 251 3368 328 3421; x_wconf 88' lang='lat' dir='ltr'><strong>esse</strong></span> <span class='ocrx_word' id='word_1_137' title='bbox 340 3404 359 3434; x_wconf 87' lang='grc'><strong>,,</strong></span> <span class='ocrx_word' id='word_1_138' title='bbox 369 3349 468 3439; x_wconf 90' lang='lat' dir='ltr'><strong>quod</strong></span> <span class='ocrx_word' id='word_1_139' title='bbox 484 3359 606 3420; x_wconf 82' lang='lat' dir='ltr'><strong>eutem</strong></span> <span class='ocrx_word' id='word_1_140' title='bbox 621 3370 737 3420; x_wconf 89' lang='lat' dir='ltr'><strong>unum</strong></span> <span class='ocrx_word' id='word_1_141' title='bbox 751 3360 859 3441; x_wconf 83' lang='lat' dir='ltr'><strong>etque</strong></span> <span class='ocrx_word' id='word_1_142' title='bbox 875 3352 971 3433; x_wconf 85' lang='lat' dir='ltr'><strong>idern</strong></span> <span class='ocrx_word' id='word_1_143' title='bbox 982 3381 997 3435; x_wconf 66' lang='grc' dir='ltr'><strong>,ν</strong></span> <span class='ocrx_word' id='word_1_144' title='bbox 1009 3352 1191 3421; x_wconf 86' lang='lat' dir='ltr'><strong>diversum</strong></span> 
     </span>
     <span class='ocr_line' id='line_1_23' title="bbox 220 3481 1188 3566; baseline 0.008 -22"><span class='ocrx_word' id='word_1_145' title='bbox 220 3511 232 3544; x_wconf 66' lang='grc' dir='ltr'><strong>ι</strong></span> <span class='ocrx_word' id='word_1_146' title='bbox 249 3500 375 3552; x_wconf 89' lang='lat' dir='ltr'><strong>rursus</strong></span> <span class='ocrx_word' id='word_1_147' title='bbox 391 3490 427 3551; x_wconf 89' lang='lat' dir='ltr'><strong>et</strong></span> <span class='ocrx_word' id='word_1_148' title='bbox 442 3481 620 3552; x_wconf 74' lang='lat' dir='ltr'><strong>instabile.</strong></span> <span class='ocrx_word' id='word_1_149' title='bbox 635 3483 731 3553; x_wconf 91' lang='lat' dir='ltr'><strong>Dum</strong></span> <span class='ocrx_word' id='word_1_150' title='bbox 742 3483 842 3553; x_wconf 90' lang='lat' dir='ltr'><strong>enim</strong></span> <span class='ocrx_word' id='word_1_151' title='bbox 854 3483 948 3553; x_wconf 84' lang='lat' dir='ltr'><strong>hanc</strong></span> <span class='ocrx_word' id='word_1_152' title='bbox 958 3484 1188 3566; x_wconf 79' lang='lat' dir='ltr'><strong>senientiam,</strong></span> 
     </span>
     <span class='ocr_line' id='line_1_24' title="bbox 222 3615 1193 3703; baseline -0.004 -16"><span class='ocrx_word' id='word_1_153' title='bbox 222 3615 529 3703; x_wconf 79' lang='lat' dir='ltr'><strong>»quodamsensu</strong></span> <span class='ocrx_word' id='word_1_154' title='bbox 542 3634 686 3699; x_wconf 84' lang='lat' dir='ltr'><strong>veram,</strong></span> <span class='ocrx_word' id='word_1_155' title='bbox 705 3624 781 3686; x_wconf 86' lang='lat' dir='ltr'><strong>toto</strong></span> <span class='ocrx_word' id='word_1_156' title='bbox 795 3634 902 3686; x_wconf 88' lang='lat' dir='ltr'><strong>sensu</strong></span> <span class='ocrx_word' id='word_1_157' title='bbox 915 3617 1116 3698; x_wconf 79' lang='lat' dir='ltr'><strong>affirmant,</strong></span> <span class='ocrx_word' id='word_1_158' title='bbox 1136 3633 1193 3683; x_wconf 61' lang='lat' dir='ltr'><strong>soa</strong></span> 
     </span>
    </p>
   </div>
   <div class='ocr_carea' id='block_1_4' title="bbox 251 4040 734 4119">
    <p class='ocr_par' dir='ltr' id='par_1_6' title="bbox 251 4040 734 4119">
     <span class='ocr_line' id='line_1_25' title="bbox 251 4040 734 4119; baseline 0 -29"><span class='ocrx_word' id='word_1_159' title='bbox 251 4040 285 4107; x_wconf 82' lang='lat' dir='ltr'><strong>(r)</strong></span> <span class='ocrx_word' id='word_1_160' title='bbox 303 4041 362 4090; x_wconf 78' lang='lat' dir='ltr'><strong>riae</strong></span> <span class='ocrx_word' id='word_1_161' title='bbox 377 4041 496 4099; x_wconf 72' lang='lat' dir='ltr'><strong>sepono,</strong></span> <span class='ocrx_word' id='word_1_162' title='bbox 509 4056 533 4102; x_wconf 81' lang='lat' dir='ltr'><strong>p.</strong></span> <span class='ocrx_word' id='word_1_163' title='bbox 545 4045 599 4119; x_wconf 76' lang='lat' dir='ltr'><strong>noo,</strong></span> <span class='ocrx_word' id='word_1_164' title='bbox 613 4045 667 4100; x_wconf 79' lang='lat' dir='ltr'><strong>noo,</strong></span> <span class='ocrx_word' id='word_1_165' title='bbox 680 4046 734 4091; x_wconf 83' lang='lat' dir='ltr'><strong>no1.</strong></span> 
     </span>
    </p>
   </div>
   <div class='ocr_carea' id='block_1_5' title="bbox 0 0 1567 4972">
    <p class='ocr_par' dir='ltr' id='par_1_7' title="bbox 0 0 1567 4972">
     <span class='ocr_line' id='line_1_26' title="bbox 0 0 1567 4972; baseline 0 0"><span class='ocrx_word' id='word_1_166' title='bbox 0 0 1567 4972; x_wconf 95' lang='lat' dir='ltr'><strong> </strong></span> 
     </span>
    </p>
   </div>
  </div>
 </body>
</html>
