3042 4972
441 481 750 610 ,³1⁷⁶

171 727 184 763 t
210 699 346 770 minem
356 687 745 790 deficitorsqunmnon
757 692 1139 788 amisituliquando....

171 857 184 896 s
210 832 399 920 Quomodo
422 831 484 920 qui
511 830 701 901 cessaverit
725 831 874 934 artifex,
894 833 968 922 jam
990 832 1060 902 non
1080 826 1146 900 ho·
1213 894 1216 902 ,

178 997 191 1028 t
210 965 309 1035 bebit
325 975 463 1046 ortem,
489 964 545 1033 sin
561 973 682 1033 nutem
696 983 823 1034 rursus
848 983 953 1052 ogere
972 964 1146 1053 incipiet,

181 1107 327 1168 »artem
344 1097 463 1166 subito
478 1095 749 1186 recuperabili.
781 1149 789 1165 .
821 1148 829 1164 .
858 1119 866 1166 t
899 1103 926 1166 .'
937 1148 1146 1168 ......

215 1247 237 1294 's
258 1231 293 1301 Si
310 1231 422 1318 igitur
437 1237 553 1300 coecus
567 1230 697 1319 estqui
715 1244 787 1316 non
805 1228 923 1310 videt,
943 1247 1153 1320 quanquam
1266 1315 1272 1326 Ι

180 1396 193 1427 »
215 1371 343 1432 notura
360 1362 478 1431 visum
494 1359 643 1442 habent,
670 1360 780 1428 iidem
806 1360 937 1449 soepius
960 1339 1010 1430 in
1025 1363 1153 1433 eodem

181 1495 679 1564 »diecoecietsurdierunt
760 1501 762 1506 '

232 1627 388 1713 »Quum
420 1635 644 1697 autemnon
675 1626 722 1695 sit
754 1631 863 1696 nctus
884 1626 969 1695 sine·
999 1627 1159 1716 potentia

186 1790 198 1820 a
219 1759 374 1847 agendi,
398 1778 470 1829 non
483 1759 562 1831 ileri
581 1761 744 1848 unquam
762 1759 895 1849 poterit
915 1760 1012 1848 quod
1032 1779 1101 1828 non
1120 1759 1161 1828 fit

186 1918 198 1954 s
221 1859 389 1982 praesenti
405 1875 579 1980 tempore.
611 1891 695 1961 Hoec
715 1893 824 1979 igitur
841 1892 1005 1970 doctrino
1023 1902 1060 1962 et
1083 1912 1162 1960 mo*

188 2060 200 2090 ι
221 2035 300 2095 tum
314 2033 351 2094 et
365 2023 638 2119 generationem
649 2024 796 2111 perimit
813 2039 821 2092 ὲ
835 2025 1001 2113 quistet,
1022 2035 1164 2114 semper

188 2154 351 2236 »stabim
383 2155 447 2245 qui
470 2153 588 2238 sedet,
610 2153 750 2226 sedebit
771 2167 980 2237 oeternum;
1009 2159 1039 2226 si
1065 2158 1164 2226 euim

189 2320 202 2352 s
225 2290 349 2371 sedet,
378 2307 464 2357 non·
481 2296 681 2376 surgetxt.
709 2285 821 2358 'Unde'
848 2288 1080 2359 manifestum
1111 2295 1166 2360 est

191 2447 203 2488 s
224 2423 417 2492 aliudesse
437 2421 661 2512 potentiam,
682 2422 780 2494 aliud
801 2434 923 2494 sctum
941 2422 1028 2519 (1).»

239 2555 435 2626 Communi
466 2554 578 2642 igitur
598 2555 684 2625 vitio
710 2576 920 2646 quanquam
944 2539 1164 2639 dissimiles,

191 2686 357 2771 Eleatici,
382 2687 519 2772 ionici,
545 2688 783 2777 Megaricique
808 2689 1033 2770 laborabant,
1046 2687 1167 2778 'quum

187 2822 305 2910 justos
320 2823 416 2892 iutro
440 2821 530 2892 fines
551 2837 625 2892 non
646 2823 875 2894 continerent
893 2809 1003 2913 quom
1026 2833 1168 2892 senten*
1200 2893 1202 2898 ,

195 2956 284 3026 tiam
304 2956 627 3048 amplectebanturt
677 2966 701 2982 ⁸
1036 2935 1037 2942 ἵ
1089 2950 1091 2957 ’
1144 2951 1146 2956 ’

241 3088 340 3175 Quos
361 3086 498 3159 omnes
514 3097 555 3159 ut
577 3088 805 3174 confutaret,
830 3089 868 3157 in
887 3054 1052 3178 Sophiste
1068 3088 1169 3158 Plato

195 3222 455 3312 probavitque
474 3231 699 3313 sequuntur:
998 3221 1000 3226 ’

243 3355 420 3445 Quodque
453 3355 604 3444 simplex
640 3365 677 3424 et
709 3373 825 3424 unum
856 3364 894 3423 et
919 3346 1167 3435 individuum,

196 3489 365 3579 quodque
392 3489 580 3578 multiplex
614 3496 651 3556 et
682 3495 892 3576 generatum
918 3485 1096 3569 dicimus,
1130 3487 1170 3556 in

196 3621 306 3692 rebus
322 3621 479 3730 existere
496 3615 562 3716 (2).

764 3814 1166 3832 ffl-——d-——a—

231 3927 265 3991 (1)
280 3928 349 3977 coni.
364 3930 463 3976 Aristot.
474 3927 524 3990 (De
534 3927 612 3986 interp
632 3928 682 3986 ill,
695 3927 733 3974 ld.
744 3925 844 3974 lileueir.
859 3888 965 3988 Soplrist.
977 3921 1035 3988 xx,
1046 3933 1095 3988 lo.)
1110 3928 1171 3978 ibid.

201 4007 333 4066 (Degener.
345 4016 369 4056 et
378 4015 487 4069 corrupt.
496 4009 531 4068 11,
543 4005 590 4068 lt.)

232 4084 265 4149 (l)
280 4088 342 4137 Plat.
352 4088 473 4148 Sophist,
483 4101 507 4148 p.
517 4090 571 4147 280,
583 4093 638 4146 sqq.

1039 4178 1054 4230 ρ
