3042 4972
753 445 800 456 ..
848 407 945 480 12-

360 605 584 698 philosophis
602 607 649 678 de
674 609 803 680 iisdem
822 611 1047 699 disputatum
1065 608 1113 680 sit
1130 628 1211 698 quae
1229 610 1336 708 hodie

359 740 510 818 mutatis
525 741 622 830 apud
639 761 706 812 nos
719 717 931 813 nominibus
944 742 1187 832 disputantur.

408 871 521 970 Quod,
540 877 640 946 enim
667 878 763 966 apud
788 887 926 948 veteres
952 897 1061 946 onum
1091 878 1337 968 philosophice

312 1094 315 1105 s
359 1004 560 1089 dicebatur,
581 1009 677 1096 apud
694 1009 887 1113 noshodie
906 1007 1095 1100 perfectum
1119 1019 1156 1085 et
1173 1011 1341 1086 absolute
1388 1011 1397 1020 ’

359 1136 545 1210 infinitum
559 1115 711 1224 dicitur3
728 1151 765 1212 et
783 1143 839 1212 his
856 1142 975 1213 verbis
992 1143 1089 1218 Deus
1107 1139 1184 1234 ipse
1200 1143 1337 1231 signifi·

323 1316 325 1320 *
359 1278 479 1339 eatur,
490 1263 601 1357 Quod
614 1277 736 1342 autem
751 1270 988 1363 imperfectum
998 1261 1194 1375 nocemus,
1212 1292 1271 1344 res
1284 1275 1339 1345 vi-

360 1405 490 1474 delicet
504 1414 662 1488 creatas,
678 1397 715 1476 et
726 1424 967 1496 quaecumque
980 1405 1021 1482 iu
1035 1424 1072 1474 se
1084 1424 1232 1476 causam
1246 1407 1341 1478 exis-

360 1539 548 1610 tendinon
562 1539 715 1620 habent,
732 1540 770 1609 id
783 1539 1123 1644 veteresvmrrltipleoe
1135 1540 1256 1628 dixere
1271 1540 1336 1636 (l).

408 1672 507 1758 Quos
516 1679 615 1742 nune
625 1692 809 1762 corporee
819 1683 958 1744 naturae
968 1682 1255 1763 propugnatores
1264 1693 1341 1744 sese

360 1802 570 1891 profitentes
593 1806 719 1875 audire
735 1816 811 1888 est,
836 1781 875 1876 hi
902 1806 1012 1889 olim,
1034 1807 1132 1896 quod
1148 1805 1338 1896 multiplex

270 1939 271 1946 ’
361 1943 398 2004 et
409 1917 611 2020 diversum,
630 1939 748 2032 solum
760 1937 870 2008 rehus
886 1946 924 2009 et
943 1938 1042 2008 scitis
1058 1939 1338 2024 fundamentum

360 2069 623 2162 supponebant.
640 2071 710 2158 Qui
726 2073 860 2156 Deum,
876 2081 912 2150 et
926 2080 1067 2162 partem
1081 2070 1196 2146 nostri
1213 2069 1339 2140 melio-

360 2221 460 2285 rem,
486 2203 674 2306 animum,
696 2205 826 2274 divinae
850 2215 891 2274 ut
913 2171 964 2274 ita
988 2205 1108 2275 dicam
1132 2223 1230 2274 aurae
1261 2223 1340 2310 par-

360 2335 749 2426 ticulam,quanquam
762 2337 840 2405 sine
854 2312 1020 2427 corpore,
1030 2337 1108 2405 sine
1121 2335 1249 2424 figura,
1262 2356 1341 2408 esse

362 2477 583 2555 agnoscunt,
604 2467 642 2536 hi
660 2467 749 2538 olim
768 2467 919 2568 unitatis
936 2467 1096 2569 fautores
1112 2465 1339 2538 dicebantur.
1376 2490 1378 2496 ’

410 2597 726 2686 Quemadmodum
750 2607 870 2682 autem
893 2599 1042 2668 fuerunt
1067 2598 1161 2687 apud
1174 2575 1257 2700 ‘unos'
1275 2599 1340 2688 qui

361 2731 400 2800 in
414 2731 489 2819 Deo
504 2733 626 2804 omnia
642 2752 721 2804 esse
734 2752 776 2804 ac
789 2732 909 2828 rivere
924 2751 966 2800 ac
978 2729 1139 2816 moveri,
1153 2749 1224 2810 vnec
1237 2731 1340 2836 quid-
1390 2793 1391 2800 ,

322 2945 324 2950 ,
362 2883 473 2954 quam
497 2863 542 2933 ah
567 2865 642 2934 Deo
662 2865 869 2954 sejunctum
894 2863 1046 2932 existere
1069 2872 1259 2951 putarent,
1287 2864 1340 2934 sie

363 2997 459 3086 apud
479 3006 617 3068 veteres
641 2995 790 3086 quidam
813 2985 1037 3084 philosophi,
1062 2991 1153 3063 nihil
1172 2994 1243 3064 nisi
1260 2995 1340 3066 uni·

358 3137 475 3201 tatem
493 3132 532 3200 iu
549 3130 658 3199 rebus
680 3130 833 3202 existere
848 3127 1014 3197 arbitrati
1031 3136 1135 3212 suut,
1155 3137 1191 3197 et
1208 3147 1340 3219 nequa-

363 3281 474 3354 quam
496 3263 648 3332 existere
665 3261 764 3350 quod
783 3261 971 3349 multiplex
989 3260 1136 3331 dicitur.

412 3395 481 3464 Res
507 3393 619 3482 igitur
649 3411 807 3483 praesens
840 3392 1000 3485 antiquis
1034 3392 1102 3462 sub
1131 3392 1340 3464 nominibus

364 3527 503 3614 agitur,
538 3545 606 3596 nee
638 3526 843 3616 disquisitio
875 3495 991 3598 otiosa
1016 3537 1053 3596 et
1081 3525 1241 3610 inutilis,
1277 3527 1341 3596 sed

286 3749 294 3759 ,
363 3659 587 3749 inspectione
604 3658 816 3746 dignissima
837 3659 989 3728 videtur.

413 3792 464 3861 De
493 3812 565 3881 quo
591 3792 627 3860 id
654 3792 813 3881 primum
839 3792 1130 3873 cousideremuS,
1159 3791 1231 3860 duo
1263 3812 1341 3862 esse

365 3927 460 4021 apud
485 3927 674 3996 Platonem
704 3926 988 4015 disputationem
1015 3945 1147 4012 genera
1183 3946 1191 3992 :
1220 3927 1343 3996 alteris
